1800 2892
120 117 123 123 ·
166 102 215 153 nn
229 64 485 165 onaronn'5n1n
498 104 534 153 11.
551 104 666 154 ornas.
704 108 751 162 287

84 231 233 294 ignosoimus,
244 233 454 296 aedtedil'gimua,
464 248 620 297 magnamque
629 234 672 281 ulii
682 234 752 284 habe-

84 310 140 343 mus
155 298 270 358 gratiam
288 307 311 346 et
325 313 380 346 eum
395 298 564 347 humanitasen
580 306 604 345 et
619 298 752 347 facilitatem

84 361 230 423 agulooeimua
240 371 315 421 tuum,
330 372 381 410 uun
395 362 537 409 admiramur
551 362 619 409 istam
633 363 752 411 scientiam

85 434 108 471 et
118 425 217 487 copiam.
238 426 355 489 Equidem
365 426 434 473 etiam
444 426 488 474 hoe
498 442 536 473 me
547 434 674 473 assecutum
684 437 751 491 puto,

84 488 148 561 quod
158 504 245 551 magno
254 505 306 537 aum
316 491 404 537 levatus
418 506 500 550 errore3
512 498 535 537 et
547 488 589 537 illu
601 489 752 539 admiratione

84 551 751 616 hheraurequodmultiaoumaliissemperadmirariso-

83 615 363 674 lebmundeeoeetilla
377 617 531 665 tentatum
546 616 751 665 ausisdiviruusa

84 694 127 727 nee
145 680 210 727 enim
227 690 250 728 te
262 681 307 729 iata
320 682 420 743 attigisse
435 682 570 740 arbitrabar,
586 696 639 743 quse
655 680 752 743 diligen.

84 743 173 790 tiaaime
183 747 300 807 eogndaae
311 754 335 793 et
344 746 447 809 undique
461 745 585 808 collegisse,
596 760 685 807 usuque
699 744 753 793 doe

84 815 138 853 tum
153 809 239 870 partim
254 809 384 869 wrrexime,
398 810 473 869 video,
487 808 572 872 pam'm
587 809 752 871 oomprobisse

84 870 172 934 Neque
182 887 210 919 eo
219 872 297 920 minua
308 873 462 936 eloquentiam
472 881 545 933 tuam,
557 880 580 921 et
590 872 665 919 multo
678 874 753 937 magia

84 936 195 983 virmtem
205 945 228 983 et
237 936 388 999 ddigmfim,
399 937 514 994 admiror3
532 944 554 984 et
568 936 638 984 simul
653 936 752 999 gaudeo,

82 998 200 1060 judicium
207 1001 279 1048 animi
289 1001 336 1048 mei
346 1001 496 1063 comprobari,
507 1001 569 1063 quod
577 1016 666 1063 semper
673 1002 751 1061 statui,

450 1143 492 1175 eon
532 1142 557 1175 ur
598 1143 639 1175 sse.

85 1205 141 1239 men
149 1191 262 1254 quidnam
272 1201 306 1239 eat
313 1192 346 1251 id,
355 1147 511 1255 quodadixisti,
531 1143 617 1250 orepirt
627 1191 669 1238 tibi
676 1191 753 1254 ignos-

85 1256 229 1313 oeremuuai
295 1257 405 1315 emensus,
415 1272 469 1318 quae
479 1264 502 1303 te
514 1270 582 1303 causa
591 1254 617 1299 in
625 1270 752 1301 sermon·

85 1318 236 1381 impulisset?
323 1317 628 1378 estenimalincauss,nisi
638 1318 701 1379 quod
711 1332 752 1365 no-

85 1383 131 1441 bia,
150 1391 173 1429 et
187 1383 271 1429 horum
288 1382 465 1431 adoloeoentium
481 1381 564 1440 studio,
580 1380 622 1443 qui
639 1388 662 1428 te
676 1389 751 1429 atten-

85 1446 174 1494 tissime
184 1446 314 1503 audierunt,
326 1461 415 1494 morem
424 1461 502 1508 gerere
512 1444 623 1493 voluisti⁹

117 1510 185 1557 Tum
195 1510 244 1569 ille,
254 1510 374 1570 Adimere,
384 1510 469 1572 inquit,
480 1523 573 1556 omnem
587 1507 750 1557 recusationem

85 1574 170 1623 crasso
180 1574 252 1633 volui,
260 1589 331 1636 quem
341 1589 383 1636 ego
474 1572 572 1619 sciebam
582 1571 619 1619 vel
628 1572 752 1633 pudentius

84 1639 123 1686 vel
137 1637 379 1690 invitiua(noloenim
410 1637 416 1647 '
436 1694 440 1700 ¹
477 1636 506 1683 de
520 1635 643 1682 tamsuavi
658 1636 752 1684 homine

84 1701 236 1759 sinidiodus)
251 1701 282 1747 ad
296 1701 339 1749 hoa
353 1715 426 1763 genua
440 1699 549 1747 sermonis
560 1698 670 1747 assedere.
687 1700 752 1759 Quid

84 1764 343 1828 mimpoteritdieere?
359 1762 752 1812 oonsularenrseessehominemet

84 1830 237 1879 oenaorium?
252 1828 333 1875 eadem
342 1836 419 1875 nostra
429 1843 497 1875 eausa
507 1835 547 1873 est.
563 1826 605 1873 An
616 1835 706 1875 etatem
716 1828 751 1875 af.

85 1895 165 1943 ieret?
182 1892 332 1955 quadriennio
339 1892 417 1966 minor
431 1898 480 1965 est.
494 1890 535 1939 An
546 1905 569 1937 se
579 1890 683 1965 nescir-e..⁹
699 1908 752 1955 que

84 1955 753 2082 well‘ffifflmllllllllll,

84 2085 227 2135 dootorssrus.
244 2083 312 2130 Nihil
325 2082 400 2130 dioam
417 2081 446 2129 de
460 2081 560 2144 ingenio,
575 2081 613 2129 oui
628 2097 670 2143 par
683 2096 753 2128 nemo

82 2150 146 2199 fuit=
164 2147 251 2196 etenim
265 2162 305 2193 me
319 2146 432 2193 dioentem
447 2146 489 2209 qui
503 2143 609 2203 audierit,
625 2159 693 2192 nemo
709 2159 753 2191 un-

83 2209 533 2290 quamtamnddeopidmsfuigquin
545 2215 753 2271 speraretautme-

82 2280 140 2337 lrua,
152 2284 196 2325 aut
210 2275 291 2322 eodem
305 2275 383 2332 modo,
399 2289 424 2320 se
437 2288 502 2336 posse
517 2270 603 2318 dicere:
622 2270 703 2319 Crasso
717 2270 753 2319 di-

83 2350 161 2400 oense,
173 2354 242 2386 nemo
253 2348 301 2387 tam
312 2352 427 2400 arrogans,
438 2336 480 2399 qui
494 2336 597 2385 simliter
611 2350 634 2382 se
649 2350 753 2398 unquam

81 2401 401 2455 dicmrumeaoeoonfideret.
420 2400 587 2459 Quamobrem,
600 2396 754 2449 nefrustrahi
794 2448 797 2455 ,

82 2471 146 2520 talea
156 2466 201 2515 viri
211 2467 322 2525 venerint,
333 2473 356 2512 te
366 2464 498 2527 aliquando,
509 2462 597 2518 Crasse,
608 2460 737 2511 audiamus.

116 2532 176 2583 XC.
193 2522 752 2590 TumuleUtieistaeseconcedsminquit,
