1800 2892
146 108 192 157 ros
241 103 288 154 on
305 103 485 166 onoronn,
503 101 563 152 um.
573 90 608 150 11.
625 99 689 150 cnr.
699 103 721 148 2.
822 62 824 64 ’

143 233 179 289 his
200 233 339 294 doctoribus,
362 234 447 310 qmous
468 233 508 280 ille
531 240 641 289 uteretur,
663 228 816 287 erudiremur,

143 297 213 345 etism
227 299 287 346 illud
298 307 359 362 serpe
370 298 527 346 intelleximus
538 301 601 352 (cum
613 293 738 357 [essemus]
753 295 816 355 ejus-

143 362 216 422 modi,
234 363 297 426 quod
314 363 351 410 vel
368 361 433 426 pueri
450 361 533 409 sentire
549 368 690 424 poteramus)
707 359 775 405 illum
793 365 818 404 et

144 425 267 474 Graeoesie
335 426 490 474 ’nullsmut
505 424 651 473 ndssealism
665 421 817 486 lingusmvi-

144 490 245 550 deretur,
263 499 287 538 et
397 506 426 537 us
442 489 524 536 nostris
541 505 568 536 en
584 497 668 551 po'nerc
684 487 709 534 in
720 500 817 549 pereun-

144 555 223 613 tsndo,
234 570 307 618 esque
316 555 394 618 ipsum
404 553 468 602 omni
478 552 502 599 in
514 567 617 600 sermone
627 560 731 610 tractare,
743 559 770 596 ut
780 549 818 596 ni-

85 660 97 677 ,
145 618 180 666 hil
194 634 242 667 esse
258 619 282 666 ei
297 633 392 678 novum,
410 617 469 664 nihil
485 616 616 664 inauditum
633 616 754 663 videretur.
778 612 818 662 De

145 682 251 732 Antonio
261 698 323 743 vero,
334 697 477 746 quemquam
488 696 548 744 saepe
559 696 588 728 ex
598 679 764 726 hummissimo
775 677 818 726 ho-

145 747 218 807 mine,
235 756 318 810 patruo
332 754 417 806 nostro,
435 760 603 810 acceperamus,
621 741 819 818 quemadmodum

146 811 187 858 ille
197 812 234 859 vel
244 810 344 859 Athenis
354 810 391 858 vel
408 809 488 857 Rhodi
504 823 528 856 se
545 808 728 856 doctissumorum
742 806 818 853 homi-

147 890 206 922 num
216 875 358 923 sermombus
368 871 480 930 dedissem
499 881 577 920 temen
594 873 643 935 ipse
661 871 819 918 odolescentu.

148 941 194 998 lus,
211 947 324 1002 qnantum
333 937 396 994 illius
405 937 505 986 ineuntis
522 937 594 984 aetstis
613 951 671 984 mere
687 935 819 998 petiebatur

148 1003 231 1066 pudor,
242 1003 318 1049 multa
328 1018 357 1049 ex
368 1017 395 1050 eo
405 1017 465 1065 saepe
476 1001 577 1065 quesivi.
598 1001 653 1048 Non
664 999 707 1047 erit
717 999 820 1062 proiecto
891 1017 893 1022 ·

148 1067 199 1125 tibi,
211 1066 274 1129 quod
284 1066 366 1127 senno,
377 1066 422 1114 hoe
431 1081 527 1125 novum,
543 1069 608 1119 (nam
617 1065 667 1126 jam
677 1071 729 1110 tum
740 1079 770 1110 ex
780 1078 819 1110 me

149 1130 267 1189 audiebas)
285 1130 344 1177 mihi
360 1130 438 1191 illurn,
454 1145 483 1178 ex
494 1129 573 1177 multis
584 1129 698 1192 variisque
708 1127 820 1174 sermoni-

148 1197 201 1252 bus,
213 1195 299 1243 nullius
312 1195 353 1255 rei,
365 1210 419 1270 quse
428 1195 522 1258 quidem
533 1201 591 1241 esset
600 1193 625 1240 in
635 1192 671 1240 his
682 1192 779 1251 ortibus,
792 1191 821 1238 de

148 1260 236 1323 qurirus
246 1258 334 1334 aliquid
344 1259 473 1307 existimare
488 1273 585 1322 possem,
604 1257 686 1304 rudem
703 1265 745 1303 aut
755 1256 822 1318 igne·

150 1339 204 1371 rum
214 1338 354 1372 essensum.
378 1322 424 1371 Sed
438 1323 484 1370 fuit
495 1323 538 1371 hoc
549 1323 573 1369 in
584 1329 681 1384 utroque
692 1335 782 1380 eorum,
795 1329 823 1367 ut

148 1389 246 1439 Crassus
254 1402 300 1435 non
308 1397 357 1435 mm
364 1387 490 1434 existimari
498 1389 566 1434 vellet
573 1401 620 1434 non
628 1384 741 1446 didicisse,
749 1399 822 1448 quem

150 1452 192 1498 ills
206 1452 328 1515 despicere,
342 1460 365 1499 et
378 1460 508 1499 nostrorum
524 1450 646 1498 hominum
661 1449 686 1496 in
701 1450 769 1496 omni
783 1465 822 1511 ge-

151 1531 206 1562 nere
215 1515 361 1577 prudentism
372 1515 459 1563 Groeeis
469 1515 593 1562 anteferre:
611 1513 730 1561 Antonius
743 1522 822 1560 eutem

148 1579 327 1642 probabiliorem
345 1580 389 1627 hoc
399 1579 493 1654 'populo
509 1579 635 1626 orationem
651 1579 700 1625 fore
717 1580 824 1624 censebat

76 1645 82 1651 ’
148 1657 227 1702 sm,
240 1643 260 1690 si
274 1643 368 1691 omnino
382 1643 487 1692 dsdrcisse
500 1659 621 1706 nunquam
635 1650 772 1706 putareturr
790 1649 823 1688 at·

152 1718 200 1770 que
209 1706 242 1754 ite
252 1723 277 1754 se
290 1717 387 1771 uterque
400 1709 528 1771 graviorem
542 1709 598 1766 iore,
615 1707 633 1754 si
648 1707 705 1752 alter
721 1715 824 1753 contem-

152 1785 215 1828 nere,
227 1772 284 1819 niter
293 1786 323 1819 ne
332 1774 400 1820 ndsse
410 1773 513 1836 quidem,
526 1771 617 1819 Grecos
629 1770 750 1818 videretur.

148 1866 152 1872 ·
186 1835 294 1892 Quorum
304 1837 425 1884 eonsilium
435 1837 504 1900 quale
512 1835 591 1894 fuerit,
602 1834 661 1882 nihil
674 1849 729 1881 sene
740 1834 772 1881 ud
782 1833 826 1881 hoc

147 1908 253 1962 <tempus
276 1901 341 1948 Illud
353 1909 431 1948 sutem
447 1909 481 1948 est
494 1900 565 1960 hujus
575 1899 685 1946 institute
695 1898 827 1961 scriptionis

149 1979 183 2017 ⁴sc
192 1965 309 2026 temporis,
321 1966 437 2012 neminem
448 1963 586 2028 eloquentiis,
598 1976 644 2009 non
654 1961 725 2009 modo
733 1961 784 2009 sine
791 1961 827 2008 di-

155 2028 222 2075 cendi
232 2029 344 2089 doctrini,
354 2029 395 2076 sed
407 2044 437 2076 ne
451 2028 500 2076 sine
514 2028 579 2075 omni
592 2026 687 2091 quidem
702 2026 826 2090 sapiendi,

148 2093 235 2140 dorere
245 2107 349 2156 unquam
360 2103 383 2141 et
392 2101 499 2157 prestare
509 2092 616 2156 potuisse.

189 2157 224 2204 II.
237 2157 335 2205 vEtenim
348 2166 435 2205 setene
443 2157 492 2204 fere
503 2165 562 2208 artes
572 2172 596 2204 se
606 2156 661 2219 ipsae
671 2170 713 2218 per
724 2169 749 2202 se
759 2162 828 2202 tuen-

156 2229 195 2270 tur
205 2220 316 2283 singolres
332 2223 390 2269 bene
400 2221 474 2270 dicere
484 2229 571 2279 entem,
582 2219 645 2284 quod
655 2228 689 2267 est
699 2217 798 2266 uerter
806 2228 829 2266 et

59 2341 63 2356 Ι
156 2285 229 2358 perite
239 2293 262 2332 et
271 2294 350 2332 ornate
358 2286 441 2345 dioere,
452 2301 500 2333 non
512 2285 583 2332 habet
593 2283 712 2332 definitam
723 2283 830 2358 sliqtsem

157 2363 283 2408 regroun,
302 2350 369 2408 quns
386 2350 490 2397 terminis
509 2357 572 2412 septa
590 2356 700 2396 tenentur.
729 2347 830 2406 Omma,

150 2426 310 2475 ¹quoscumque
318 2413 344 2458 in
354 2413 476 2460 hominum
488 2413 673 2488 disceptationem
684 2411 766 2460 cedere
777 2427 832 2474 pos-

151 2480 221 2531 ·nutt,
232 2476 500 2536 bmesunteidioende,
511 2493 553 2541 qur
563 2478 607 2526 hoc
621 2492 645 2524 se
659 2477 831 2540 posseproflte·

119 2594 122 2599 ¹
150 2542 210 2608 'mi
222 2539 496 2602 sntdoquentienomen
504 2540 731 2605 relinquendumest.
748 2540 831 2598 Quare

158 2599 265 2658 murder
274 2612 299 2651 et
308 2603 334 2651 in
343 2604 421 2654 noent
431 2605 530 2666 evitate,
542 2615 565 2655 et
575 2604 659 2669 tuipse
667 2603 769 2664 Gneus,
778 2606 832 2667 q'ue
