1800 2892
184 127 233 178 DE
250 127 426 191 osAuouu
443 128 505 178 Iam.
516 128 538 179 Ι.
556 127 619 178 Ges.
631 129 673 180 33,
718 128 764 185 157

2 247 4 268 '
94 259 145 318 bus,
162 273 210 306 non
225 267 253 306 ut
269 274 297 306 ec
312 258 384 306 secuti
400 267 500 307 oratores
517 257 653 322 eloquentis
669 257 763 306 leudem

94 324 138 371 sint
149 323 236 385 adepti,
248 323 296 382 sed,
308 339 361 387 quse
371 323 414 370 sui
424 332 505 386 sponte
515 322 620 370 homiues
630 323 763 386 eloquentes

92 387 202 446 securem,
218 402 246 434 cs
256 387 517 449 quosduu'observisee‚
528 396 598 450 stque
609 385 646 446 [id
660 387 761 450 qisces]

91 452 124 500 sic
134 464 183 498 esse
193 466 241 498 non
252 451 406 514 eloquentium
421 467 451 498 ex
465 451 569 511 artificio,
584 451 625 498 sed
639 451 762 499 artificium

49 542 54 570 ;
91 531 121 564 ex
138 513 271 578 eloquentiis
288 523 386 562 natum:
404 515 468 578 quod
484 524 570 574 tumen,
589 523 686 562 utente
702 515 761 574 dixi,

89 594 137 628 uon
153 578 235 640 ejicioz
252 587 286 626 est
301 579 371 638 enim,
383 579 473 628 etiamsi
482 580 560 626 minus
570 579 722 626 necessarium
732 579 763 628 sd

89 645 149 692 bene
159 643 293 702 dicendum,
308 652 387 690 tamen
396 643 427 690 sd
437 643 620 706 cognoscendum
630 657 677 690 uon
687 643 763 690 illibe-

90 708 146 756 rale·
171 707 206 754 Et
217 707 346 754 exercitatio
356 707 464 770 quaedum
478 707 622 770 suscipientis
636 706 701 754 vobis
711 716 760 754 estc

89 787 237 834 quemquam
252 785 291 818 vos
322 771 400 818 uidem
412 772 553 834 jampridem
567 771 620 819 estis
633 771 659 818 in
676 785 776 818 cursuc‘

89 835 130 883 scd
140 835 167 895 ii,
185 835 227 899 qui
237 789 397 898 ingreciiuntur
407 836 432 882 in
443 837 553 896 sudium,
564 836 651 899 quique
661 851 697 894 cs,
707 850 763 898 qus

88 900 180 962 agenda
190 907 245 947 sumt
255 899 478 963 inforo‚ta1uqucm
488 901 513 948 in
524 901 579 960 scie,
588 908 684 962 possunt
691 899 761 952 etiam

88 977 152 1011 nunc
166 963 327 1012 exercitatione
341 964 407 1027 qussi
421 964 510 1012 ludicri
524 964 656 1027 prodisoere
670 979 697 1012 sc
710 980 762 1012 me-

88 1027 164 1074 ditari.
193 1027 264 1074 Hunc
279 1027 362 1090 ipsum,
380 1028 457 1091 inquit
472 1029 596 1092 Sulpicius,
611 1031 678 1076 nosse
694 1029 761 1076 volu·
858 1057 862 1065 ·

88 1107 158 1140 must
182 1099 284 1141 attamen
303 1093 355 1152 ists,
375 1108 428 1155 quae
446 1095 487 1140 sbs
506 1101 530 1140 te
547 1093 645 1141 breviter
664 1093 693 1139 de
711 1101 761 1140 crte

86 1155 183 1204 docum
191 1163 254 1216 suut,
266 1156 345 1204 audire
353 1157 469 1219 cupimus,
480 1173 623 1220 quamquam
631 1165 686 1204 sunt
693 1157 760 1204 nobis

86 1235 182 1283 quoque
199 1234 246 1267 non
260 1218 371 1268 inaudita.
394 1221 485 1268 Verum
498 1221 541 1268 ills
554 1236 625 1268 moxz
641 1235 714 1280 nunc,
729 1220 762 1267 ‹le

86 1283 138 1347 ipsi
149 1283 310 1331 exercitatione
321 1284 378 1347 quid
388 1285 480 1345 sentim,
491 1285 624 1348 querimus.
754 1315 758 1329 .

118 1347 250 1395 XXXHI.
266 1347 385 1412 Equidem
398 1351 472 1412 probo
488 1348 541 1407 isto,
560 1349 656 1396 Crassus
672 1347 759 1411 iuquit,

85 1428 140 1476 quoe
157 1427 198 1460 vos
212 1411 285 1459 facere
300 1412 384 1472 soletis,
399 1421 434 1472 ut,
446 1413 516 1460 cousi
526 1413 605 1476 alique
614 1412 690 1476 positi
704 1427 761 1459 con·

84 1476 159 1525 simili
174 1491 297 1524 csussmm
314 1491 393 1524 esrum
409 1493 463 1540 quae
477 1477 504 1522 in
519 1477 597 1524 torum
613 1476 757 1536 deferuntur,

85 1540 167 1590 dicatis
185 1556 257 1604 quam
273 1540 375 1588 maxime
390 1541 420 1588 sd
434 1541 555 1588 veritatem
571 1540 756 1590 scoommodstes

85 1606 126 1654 sed
136 1605 243 1668 plerique
252 1604 276 1651 in
291 1605 335 1651 hoc
349 1619 428 1652 vocem
435 1605 522 1665 modo,
537 1619 613 1669 ucque
623 1621 675 1652 esm
686 1605 758 1653 scien·

86 1679 130 1730 ter,
146 1676 169 1716 et
183 1669 243 1716 vires
253 1678 358 1716 exercent
369 1685 429 1728 suas,
442 1678 465 1716 et
474 1669 561 1731 lingue
571 1670 709 1718 celuitstem
719 1672 758 1719 in.

85 1735 167 1793 citant,
179 1735 347 1795 verborumque
354 1732 484 1796 frequentii
494 1733 642 1781 delectantur.
667 1734 698 1780 In
709 1751 757 1799 quo

85 1797 148 1846 fallit
164 1811 212 1855 eos,
223 1796 294 1859 'quod
310 1797 440 1856 audierunt,
459 1797 581 1845 “diceudo
597 1797 711 1858 homines,
729 1809 757 1847 ut

85 1862 172 1921 dicunt,
191 1859 278 1908 efficere
292 1860 362 1908 solere
370 1861 394 1908 :⁹¹
411 1877 464 1909 vere
476 1861 539 1909 enim
549 1862 619 1910 etism
630 1862 689 1910 illud
699 1863 758 1912 dici-

85 1935 133 1985 tur,
152 1924 289 1972 “Perverse
303 1924 377 1972 dicere
393 1925 506 1985 homines,
525 1941 630 1989 perverse
649 1927 755 1988 dicendo,
788 1960 792 1967 ι

85 1989 197 2038 facillime
211 1989 344 2052 coruequi.”
367 1989 536 2050 Quamobrem,
546 1990 573 2036 in
586 1991 636 2038 istis
650 1991 705 2054 ipsis
715 2008 758 2040 ex·

85 2053 266 2112 crdtstionibus,
283 2053 326 2100 etsi
343 2053 400 2101 utile
419 2062 453 2102 est
468 2054 538 2102 etiam
552 2055 629 2102 subito
643 2071 703 2118 sepe
719 2056 756 2103 di·

85 2134 145 2178 cere,
161 2126 241 2165 tamen
255 2116 315 2164 illud
329 2117 417 2178 utilius,
433 2126 510 2165 sumto
520 2118 593 2181 spatio
608 2119 639 2166 sd
653 2120 757 2181 cogitau-

83 2183 150 2243 dum,
162 2181 265 2245 paratius
273 2189 342 2244 atque
353 2182 567 2230 soeurstiusdiccre.
591 2182 756 2246 Csputsutem

83 2255 126 2306 cst,
135 2245 204 2310 quod
214 2250 251 2301 (ut
258 2261 311 2294 vere
321 2245 406 2304 dicem)
415 2246 512 2294 minime
522 2246 628 2306 fecimus,
640 2249 684 2300 (est
691 2246 754 2292 enim

83 2310 165 2374 magui
175 2311 269 2370 laboris,
280 2325 351 2374 quem
360 2310 464 2374 plerique
473 2310 588 2374 fugimus)
599 2325 670 2373 quum
681 2309 758 2372 pluri-

84 2389 152 2428 mum
166 2375 272 2422 scribere.
300 2376 318 2402 “
327 2374 399 2422 solus
409 2375 511 2439 optimus
521 2383 545 2422 et
554 2373 755 2437 prestantissimae

84 2437 176 2492 dicendi
189 2439 281 2486 effector
291 2453 317 2486 sc
327 2438 435 2501 magister
443 2440 469 2496 ;’'
485 2453 561 2502 neque
570 2436 670 2497 injurii:
688 2451 755 2497 mun,

83 2502 103 2551 si
119 2503 223 2551 subitan
241 2509 264 2550 et
280 2502 399 2550 fortuitam
413 2503 540 2552 orationem
554 2501 716 2548 commentatio
730 2510 755 2549 et

80 2563 757 2697 crurum

80 2685 83 2692 ’
113 2699 235 2758 (Rham)
247 2708 310 2747 vor..
323 2709 341 2745 s
543 2704 560 2738 1’
