1800 2892
181 127 229 182 DE
244 127 422 190 ORATORE,
439 129 501 188 1¹1⁸·
512 128 535 178 1.
552 128 664 187 cinit
707 127 757 176 109

91 257 236 324 putationum
251 272 354 318 niumm,
369 258 412 322 qui
423 259 477 320 jure
490 257 553 306 civssi
566 267 590 308 et
603 257 693 321 legibus
703 269 761 305 ocn-

93 324 200 371 tinentur.
223 323 262 370 Ex
272 324 309 371 his
320 324 382 371 enim
393 331 416 370 et
430 323 566 385 dignitatem
575 322 678 370 maximo
688 337 758 384 expe-

93 387 184 436 endam
199 383 312 446 videniur,
324 403 377 434 cum
389 403 464 445 verus,
473 388 558 447 juonis,
569 395 640 450 etque
649 386 759 434 bonosum

93 451 155 499 labor
161 451 295 511 honoribus,
307 449 415 514 premiis,
426 451 545 514 splendore
555 451 690 506 decoratum
702 450 759 497 vitia

93 525 169 563 autem
177 515 308 573 hominum,
320 525 389 579 atque
398 515 499 575 fraudes,
510 515 609 572 damnis,
617 514 758 576 ignominiis,

93 579 197 638 vinculis,
215 580 354 637 verberibus,
372 579 466 638 exuliis,
483 589 558 626 morte
575 579 718 626 multantur:
735 586 759 624 et

91 642 209 701 docemur,
220 658 267 690 non
273 643 376 702 infinitis,
387 644 626 706 concertationumque
632 642 705 705 plenis
713 642 760 688 dis·

93 707 259 770 putationibus,
279 708 318 755 sed
336 707 469 756 auctoritate
487 716 593 770 nutuque
610 707 699 769 legum,
718 705 760 766 tlo-

93 772 160 820 mitas
174 771 259 819 hebere
271 771 386 830 libidines,
403 775 505 819 meruere
521 786 601 818 omnes
614 770 760 833 mpiditsto,

93 845 169 884 nostra
180 835 248 895 tueri,
259 837 289 884 ab
299 835 379 883 alienis
393 843 490 896 mentes,
500 836 587 896 oculos,
597 849 681 883 manus
690 833 762 882 obsti-

93 913 152 948 nere

123 963 219 1011 XLIV.
231 962 342 1011 Fremant
352 978 431 1010 omnes
440 962 503 1022 licet,
514 963 589 1011 dicum
599 963 663 1028 quod
671 962 758 1011 sentio:

94 1028 249 1087 bibliothecas,
273 1027 411 1087 mehercule,
439 1028 545 1074 omnium
570 1028 763 1102 pbilosophorum-

94 1107 153 1139 nnus
164 1092 223 1138 mihi
234 1091 324 1139 videtin
338 1091 400 1138 XII.
416 1092 549 1140 tabularum
563 1093 663 1152 libellus,
679 1093 698 1140 si
724 1092 762 1139 uis

92 1155 171 1218 legum
178 1156 254 1203 fontes
262 1164 285 1202 et
292 1156 367 1218 capita
377 1155 468 1215 viderit,
479 1164 502 1203 et
512 1156 652 1203 auctoritatis
661 1109 762 1218 porrici-e

91 1228 114 1268 et
128 1219 235 1267 ub‘litatis
249 1221 352 1268 ubertate
366 1235 480 1282 superare.
506 1219 554 1279 Ac,
570 1219 641 1267 sinos
652 1220 687 1273 (id
698 1218 761 1283 quod

91 1283 196 1332 maxime
205 1283 284 1342 (lebet)
294 1293 371 1331 nostra
378 1283 572 1347 patriadelectat3
584 1283 690 1343 cnjusrei
698 1291 763 1329 tanta

90 1349 394 1408 estvis‚actantanatura‚
408 1356 435 1394 ut
449 1346 763 1409 Ithacamillam,inssper-

90 1412 156 1459 rimis
167 1411 263 1470 saxulis,
275 1420 395 1486 tamquam
403 1411 520 1472 nidulum,
531 1411 634 1470 affixam,
644 1409 763 1473 sapientis·

90 1476 765 1602 &metumientem

90 1620 145 1668 quae
155 1619 205 1651 una
218 1604 244 1651 in
256 1603 364 1652 omnibus
378 1604 442 1651 terris
457 1603 540 1651 (lomus
555 1607 589 1652 est
603 1604 701 1663 virtutis,
717 1603 764 1651 im·

89 1669 157 1732 perii,
174 1668 312 1731 dignitatis?
329 1668 403 1728 Cujus
417 1667 521 1730 primum
535 1668 601 1715 nobis
615 1683 689 1726 mens,
702 1683 763 1729 mos,

90 1733 222 1796 disciplina,
235 1739 290 1778 nota
300 1747 347 1779 esse
358 1732 440 1788 debet3
457 1732 495 1779 vel
509 1732 564 1795 quia
578 1739 612 1780 est
621 1733 705 1796 patric,
721 1747 764 1806 pa·

88 1812 143 1846 rens
153 1796 261 1844 omnium
271 1799 383 1855 matrim,
395 1796 432 1843 vel
442 1796 498 1858 quia
505 1796 569 1843 tanti
576 1796 687 1858 sapientie
694 1796 765 1843 fuisse

89 1861 115 1908 in
128 1863 184 1922 J'urc
199 1859 358 1908 constituendo
372 1859 476 1922 putanda
486 1868 528 1919 est,
539 1861 627 1923 quanti
637 1860 682 1907 fuit
692 1860 718 1906 in
728 1860 765 1907 bis

88 1925 161 2037 tu?
172 1923 358 2050 {lbttgillit}
369 1923 764 2051 tffiffltlissffl

89 2053 164 2117 quod,
177 2060 293 2116 quantum
302 2051 448 2115 prostiterint
455 2052 527 2099 nostri
536 2053 633 2112 maiores
643 2021 766 2115 prudentii

90 2118 181 2166 ceteris
244 2116 315 2176 tibus,
332 2123 384 2162 turm
399 2114 508 2163 facillime
522 2115 662 2178 intelligetis,
678 2115 697 2162 si
711 2129 766 2162 cum
800 2129 804 2136 ’

90 2181 190 2238 illenim
240 2193 311 2242 curgo
321 2187 344 2226 et
354 2179 462 2226 Dracone
475 2188 498 2226 et
513 2180 597 2227 Solone
606 2189 694 2226 nostrus
704 2179 766 2240 leges

90 2245 197 2293 conferre
211 2243 335 2290 volueritis.
359 2243 498 2291 Incredibile
513 2252 548 2291 cst
561 2243 633 2302 enim,
664 2255 720 2289 uam
738 2241 768 2288 sit

91 2324 164 2361 omne
172 2309 214 2370 jus
222 2307 296 2368 ciuile,
307 2315 389 2371 preter
395 2307 443 2356 :boc
452 2316 566 2367 nmmum,
576 2308 645 2355 incon
669 2315 729 2363 tum,
740 2319 769 2353 uc

90 2388 161 2438 pure
171 2371 312 2419 ridiculum:
329 2369 359 2419 dc
369 2387 416 2436 quo
430 2372 506 2419 multa
515 2372 576 2419 solco
590 2371 615 2417 in
625 2369 768 2417 sermonibus

108 2435 237 2485 uotidianis
255 2435 338 2496 dicere,
357 2451 411 2484 cum
427 2435 550 2484 hominum
566 2443 697 2482 nostrorum
712 2449 770 2495 puu-

141 2501 201 2548 tiam
216 2500 302 2548 ceteris
317 2500 434 2560 omnibus,
447 2499 583 2547 etmaxime
599 2496 694 2552 (treus,
705 2505 769 2543 ante-

91 2563 424 2687 Wltotnfttlffffl
434 2563 548 2624 ‘lm’
555 2559 669 2672 3⁰⁸⁰¹¹b
679 2558 716 2620 ⁵³‘’
727 2559 771 2623 ‘¹¹²³
788 2628 791 2634 ,
