<?xml version="1.0" encoding="UTF-8"?>
<!DOCTYPE html PUBLIC "-//W3C//DTD XHTML 1.0 Transitional//EN"
    "http://www.w3.org/TR/xhtml1/DTD/xhtml1-transitional.dtd">
<html xmlns="http://www.w3.org/1999/xhtml" xml:lang="en" lang="en">
 <head>
  <title>
</title>
<meta http-equiv="Content-Type" content="text/html;charset=utf-8" />
  <meta name='ocr-system' content='tesseract 3.04.00' />
  <meta name='ocr-capabilities' content='ocr_page ocr_carea ocr_par ocr_line ocrx_word'/>
</head>
<body>
  <div class='ocr_page' id='page_1' title='image "./operaexeditioni01ernegoog_0304.png"; bbox 0 0 1800 2892; ppageno 0'>
   <div class='ocr_carea' id='block_1_1' title="bbox 196 416 717 487">
    <p class='ocr_par' dir='ltr' id='par_1_1' title="bbox 196 416 717 487">
     <span class='ocr_line' id='line_1_1' title="bbox 196 416 717 487; baseline -0.012 0"><span class='ocrx_word' id='word_1_1' title='bbox 196 420 247 487; x_wconf 90' lang='lat' dir='ltr'><strong>M.</strong></span> <span class='ocrx_word' id='word_1_2' title='bbox 262 419 431 487; x_wconf 90' lang='lat' dir='ltr'>TULLII</span> <span class='ocrx_word' id='word_1_3' title='bbox 455 416 717 483; x_wconf 85' lang='lat' dir='ltr'>CICERONIS</span> 
     </span>
    </p>
   </div>
   <div class='ocr_carea' id='block_1_2' title="bbox 436 606 475 643">
    <p class='ocr_par' dir='ltr' id='par_1_2' title="bbox 436 606 475 643">
     <span class='ocr_line' id='line_1_2' title="bbox 436 606 475 643; baseline 0.026 -1"><span class='ocrx_word' id='word_1_4' title='bbox 436 606 475 643; x_wconf 80' lang='lat' dir='ltr'><strong>DE</strong></span> 
     </span>
    </p>
   </div>
   <div class='ocr_carea' id='block_1_3' title="bbox 210 704 718 983">
    <p class='ocr_par' dir='ltr' id='par_1_3' title="bbox 210 704 718 983">
     <span class='ocr_line' id='line_1_3' title="bbox 270 704 718 824; baseline -0.013 0"><span class='ocrx_word' id='word_1_5' title='bbox 270 704 718 824; x_wconf 65' lang='lat' dir='ltr'>ORATORE&#39;</span> 
     </span>
     <span class='ocr_line' id='line_1_4' title="bbox 210 868 597 983; baseline -0.01 1"><span class='ocrx_word' id='word_1_6' title='bbox 210 868 214 875; x_wconf 26' lang='lat'><strong>¹</strong></span> <span class='ocrx_word' id='word_1_7' title='bbox 314 934 423 983; x_wconf 72' lang='lat' dir='ltr'>LIBER</span> <span class='ocrx_word' id='word_1_8' title='bbox 438 932 597 983; x_wconf 84' lang='lat' dir='ltr'>TERTIUS.</span> 
     </span>
    </p>
   </div>
   <div class='ocr_carea' id='block_1_4' title="bbox 413 1109 499 1144">
    <p class='ocr_par' dir='ltr' id='par_1_4' title="bbox 413 1109 499 1144">
     <span class='ocr_line' id='line_1_5' title="bbox 413 1109 499 1144; baseline -0.023 -12"><span class='ocrx_word' id='word_1_9' title='bbox 413 1109 499 1144; x_wconf 50' lang='grc' dir='ltr'><strong>-φ-</strong></span> 
     </span>
    </p>
   </div>
   <div class='ocr_carea' id='block_1_5' title="bbox 96 1238 841 2653">
    <p class='ocr_par' dir='ltr' id='par_1_5' title="bbox 96 1238 841 2653">
     <span class='ocr_line' id='line_1_6' title="bbox 155 1238 798 1300; baseline -0.011 -7"><span class='ocrx_word' id='word_1_10' title='bbox 155 1243 177 1293; x_wconf 92' lang='lat'><strong>1.</strong></span> <span class='ocrx_word' id='word_1_11' title='bbox 194 1242 391 1292; x_wconf 78' lang='lat' dir='ltr'><strong>Issrmunrssr</strong></span> <span class='ocrx_word' id='word_1_12' title='bbox 402 1240 470 1300; x_wconf 84' lang='lat' dir='ltr'><strong>mihi,</strong></span> <span class='ocrx_word' id='word_1_13' title='bbox 484 1240 573 1299; x_wconf 83' lang='lat' dir='ltr'><strong>Quinte</strong></span> <span class='ocrx_word' id='word_1_14' title='bbox 586 1238 664 1297; x_wconf 77' lang='lat' dir='ltr'><strong>freter,</strong></span> <span class='ocrx_word' id='word_1_15' title='bbox 679 1254 734 1287; x_wconf 88' lang='lat' dir='ltr'><strong>eum</strong></span> <span class='ocrx_word' id='word_1_16' title='bbox 746 1254 798 1287; x_wconf 87' lang='lat' dir='ltr'><strong>ser-</strong></span> 
     </span>
     <span class='ocr_line' id='line_1_7' title="bbox 122 1304 798 1366; baseline -0.012 -7"><span class='ocrx_word' id='word_1_17' title='bbox 122 1324 216 1359; x_wconf 85' lang='lat' dir='ltr'><strong>monem</strong></span> <span class='ocrx_word' id='word_1_18' title='bbox 229 1308 319 1365; x_wconf 86' lang='lat' dir='ltr'><strong>referre,</strong></span> <span class='ocrx_word' id='word_1_19' title='bbox 333 1315 356 1355; x_wconf 84' lang='lat' dir='ltr'><strong>et</strong></span> <span class='ocrx_word' id='word_1_20' title='bbox 368 1306 478 1353; x_wconf 75' lang='lat' dir='ltr'><strong>mandere</strong></span> <span class='ocrx_word' id='word_1_21' title='bbox 491 1305 546 1352; x_wconf 88' lang='lat' dir='ltr'><strong>huic</strong></span> <span class='ocrx_word' id='word_1_22' title='bbox 555 1304 622 1351; x_wconf 84' lang='lat' dir='ltr'><strong>tertio</strong></span> <span class='ocrx_word' id='word_1_23' title='bbox 632 1304 699 1361; x_wconf 89' lang='lat' dir='ltr'><strong>Iibm,</strong></span> <span class='ocrx_word' id='word_1_24' title='bbox 711 1319 798 1366; x_wconf 90' lang='lat' dir='ltr'><strong>quem,</strong></span> 
     </span>
     <span class='ocr_line' id='line_1_8' title="bbox 122 1368 801 1437; baseline -0.012 -15"><span class='ocrx_word' id='word_1_25' title='bbox 122 1381 175 1437; x_wconf 79' lang='lat' dir='ltr'><strong>post</strong></span> <span class='ocrx_word' id='word_1_26' title='bbox 180 1371 279 1421; x_wconf 77' lang='lat' dir='ltr'><strong>Antonii</strong></span> <span class='ocrx_word' id='word_1_27' title='bbox 284 1370 470 1434; x_wconf 78' lang='lat' dir='ltr'><strong>disputationem,</strong></span> <span class='ocrx_word' id='word_1_28' title='bbox 478 1368 572 1417; x_wconf 79' lang='lat' dir='ltr'><strong>Crassus</strong></span> <span class='ocrx_word' id='word_1_29' title='bbox 579 1368 703 1425; x_wconf 81' lang='lat' dir='ltr'><strong>habuisset,</strong></span> <span class='ocrx_word' id='word_1_30' title='bbox 712 1370 801 1415; x_wconf 75' lang='lat' dir='ltr'><strong>acerba</strong></span> 
     </span>
     <span class='ocr_line' id='line_1_9' title="bbox 122 1431 801 1495; baseline -0.012 -9"><span class='ocrx_word' id='word_1_31' title='bbox 122 1452 178 1485; x_wconf 78' lang='lat' dir='ltr'><strong>sune</strong></span> <span class='ocrx_word' id='word_1_32' title='bbox 191 1436 315 1486; x_wconf 69' lang='lat' dir='ltr'><strong>recordatio</strong></span> <span class='ocrx_word' id='word_1_33' title='bbox 324 1443 423 1483; x_wconf 77' lang='lat' dir='ltr'><strong>vetersn</strong></span> <span class='ocrx_word' id='word_1_34' title='bbox 437 1433 510 1481; x_wconf 82' lang='lat' dir='ltr'><strong>animi</strong></span> <span class='ocrx_word' id='word_1_35' title='bbox 524 1447 603 1480; x_wconf 77' lang='lat' dir='ltr'><strong>cruam</strong></span> <span class='ocrx_word' id='word_1_36' title='bbox 617 1431 801 1495; x_wconf 78' lang='lat' dir='ltr'><strong>molestiamque</strong></span> 
     </span>
     <span class='ocr_line' id='line_1_10' title="bbox 122 1496 801 1559; baseline -0.013 -10"><span class='ocrx_word' id='word_1_37' title='bbox 122 1501 245 1549; x_wconf 79' lang='lat' dir='ltr'><strong>rmomvit.</strong></span> <span class='ocrx_word' id='word_1_38' title='bbox 269 1500 334 1547; x_wconf 77' lang='lat' dir='ltr'><strong>Nam</strong></span> <span class='ocrx_word' id='word_1_39' title='bbox 350 1498 410 1545; x_wconf 82' lang='lat' dir='ltr'><strong>iilud</strong></span> <span class='ocrx_word' id='word_1_40' title='bbox 423 1496 595 1545; x_wconf 71' lang='lat' dir='ltr'><strong>immortalitate</strong></span> <span class='ocrx_word' id='word_1_41' title='bbox 612 1496 709 1559; x_wconf 82' lang='lat' dir='ltr'><strong>dignum</strong></span> <span class='ocrx_word' id='word_1_42' title='bbox 726 1496 801 1558; x_wconf 80' lang='lat' dir='ltr'><strong>inge-</strong></span> 
     </span>
     <span class='ocr_line' id='line_1_11' title="bbox 122 1558 802 1623; baseline -0.003 -12"><span class='ocrx_word' id='word_1_43' title='bbox 122 1564 198 1623; x_wconf 85' lang='lat' dir='ltr'><strong>nium,</strong></span> <span class='ocrx_word' id='word_1_44' title='bbox 215 1562 412 1620; x_wconf 73' lang='lat' dir='ltr'><strong>illohumnnims,</strong></span> <span class='ocrx_word' id='word_1_45' title='bbox 430 1558 699 1618; x_wconf 72' lang='lat' dir='ltr'><strong>illusimusIsCrsssi,</strong></span> <span class='ocrx_word' id='word_1_46' title='bbox 717 1569 802 1609; x_wconf 83' lang='lat' dir='ltr'><strong>morte</strong></span> 
     </span>
     <span class='ocr_line' id='line_1_12' title="bbox 123 1622 802 1689; baseline -0.007 -14"><span class='ocrx_word' id='word_1_47' title='bbox 123 1626 234 1675; x_wconf 72' lang='lat' dir='ltr'><strong>exstincte</strong></span> <span class='ocrx_word' id='word_1_48' title='bbox 244 1622 802 1689; x_wconf 58' lang='lat' dir='ltr'><strong>subitiessvixdiebusdecemposteumdmrn,</strong></span> 
     </span>
     <span class='ocr_line' id='line_1_13' title="bbox 123 1686 804 1755; baseline -0.004 -17"><span class='ocrx_word' id='word_1_49' title='bbox 123 1690 165 1755; x_wconf 88' lang='lat' dir='ltr'><strong>qui</strong></span> <span class='ocrx_word' id='word_1_50' title='bbox 174 1690 217 1738; x_wconf 88' lang='lat' dir='ltr'><strong>hoc</strong></span> <span class='ocrx_word' id='word_1_51' title='bbox 228 1698 251 1737; x_wconf 84' lang='lat' dir='ltr'><strong>ct</strong></span> <span class='ocrx_word' id='word_1_52' title='bbox 261 1690 375 1753; x_wconf 84' lang='lat' dir='ltr'><strong>superiore</strong></span> <span class='ocrx_word' id='word_1_53' title='bbox 384 1689 444 1737; x_wconf 88' lang='lat' dir='ltr'><strong>libro</strong></span> <span class='ocrx_word' id='word_1_54' title='bbox 459 1688 594 1737; x_wconf 78' lang='lat' dir='ltr'><strong>continetur.</strong></span> <span class='ocrx_word' id='word_1_55' title='bbox 617 1688 652 1736; x_wconf 90' lang='lat' dir='ltr'><strong>Ut</strong></span> <span class='ocrx_word' id='word_1_56' title='bbox 666 1688 727 1736; x_wconf 88' lang='lat' dir='ltr'><strong>enim</strong></span> <span class='ocrx_word' id='word_1_57' title='bbox 742 1686 804 1736; x_wconf 88' lang='lat' dir='ltr'><strong>Ro-</strong></span> 
     </span>
     <span class='ocr_line' id='line_1_14' title="bbox 122 1750 804 1811; baseline -0.001 -9"><span class='ocrx_word' id='word_1_58' title='bbox 122 1769 187 1803; x_wconf 82' lang='lat' dir='ltr'><strong>mnm</strong></span> <span class='ocrx_word' id='word_1_59' title='bbox 197 1754 265 1802; x_wconf 86' lang='lat' dir='ltr'><strong>rediit</strong></span> <span class='ocrx_word' id='word_1_60' title='bbox 273 1762 376 1801; x_wconf 85' lang='lat' dir='ltr'><strong>extremo</strong></span> <span class='ocrx_word' id='word_1_61' title='bbox 389 1754 530 1802; x_wconf 85' lang='lat' dir='ltr'><strong>scenicorum</strong></span> <span class='ocrx_word' id='word_1_62' title='bbox 544 1752 653 1800; x_wconf 86' lang='lat' dir='ltr'><strong>ludorum</strong></span> <span class='ocrx_word' id='word_1_63' title='bbox 667 1752 712 1811; x_wconf 85' lang='lat' dir='ltr'><strong>die,</strong></span> <span class='ocrx_word' id='word_1_64' title='bbox 724 1750 804 1801; x_wconf 84' lang='lat' dir='ltr'><strong>vehe-</strong></span> 
     </span>
     <span class='ocr_line' id='line_1_15' title="bbox 122 1814 806 1880; baseline -0.001 -14"><span class='ocrx_word' id='word_1_65' title='bbox 122 1826 212 1867; x_wconf 80' lang='lat' dir='ltr'><strong>menter</strong></span> <span class='ocrx_word' id='word_1_66' title='bbox 221 1826 349 1866; x_wconf 83' lang='lat' dir='ltr'><strong>commotus</strong></span> <span class='ocrx_word' id='word_1_67' title='bbox 359 1817 387 1865; x_wconf 76' lang='lat' dir='ltr'><strong>si</strong></span> <span class='ocrx_word' id='word_1_68' title='bbox 398 1817 509 1878; x_wconf 77' lang='lat' dir='ltr'><strong>oratione,</strong></span> <span class='ocrx_word' id='word_1_69' title='bbox 520 1832 573 1880; x_wconf 80' lang='lat' dir='ltr'><strong>quae</strong></span> <span class='ocrx_word' id='word_1_70' title='bbox 587 1817 699 1865; x_wconf 79' lang='lat' dir='ltr'><strong>ferebatur</strong></span> <span class='ocrx_word' id='word_1_71' title='bbox 712 1814 806 1865; x_wconf 68' lang='lat' dir='ltr'><strong>habito,</strong></span> 
     </span>
     <span class='ocr_line' id='line_1_16' title="bbox 122 1880 802 1945; baseline -0.004 -15"><span class='ocrx_word' id='word_1_72' title='bbox 122 1898 171 1931; x_wconf 85' lang='lat' dir='ltr'><strong>esse</strong></span> <span class='ocrx_word' id='word_1_73' title='bbox 180 1882 205 1929; x_wconf 91' lang='lat' dir='ltr'><strong>in</strong></span> <span class='ocrx_word' id='word_1_74' title='bbox 215 1882 322 1929; x_wconf 78' lang='lat' dir='ltr'><strong>concione</strong></span> <span class='ocrx_word' id='word_1_75' title='bbox 332 1898 347 1929; x_wconf 79' lang='lat' dir='ltr'><strong>s</strong></span> <span class='ocrx_word' id='word_1_76' title='bbox 357 1881 481 1945; x_wconf 60' lang='lat' dir='ltr'><strong>Philippu</strong></span> <span class='ocrx_word' id='word_1_77' title='bbox 494 1896 564 1945; x_wconf 89' lang='lat' dir='ltr'><strong>quem</strong></span> <span class='ocrx_word' id='word_1_78' title='bbox 575 1880 658 1929; x_wconf 83' lang='lat' dir='ltr'><strong>dixisse</strong></span> <span class='ocrx_word' id='word_1_79' title='bbox 665 1880 802 1941; x_wconf 72' lang='lat' dir='ltr'><strong>constabat,</strong></span> 
     </span>
     <span class='ocr_line' id='line_1_17' title="bbox 123 1945 804 2003; baseline -0.001 -8"><span class='ocrx_word' id='word_1_80' title='bbox 123 1949 141 1977; x_wconf 88' lang='lat'>“</span> <span class='ocrx_word' id='word_1_81' title='bbox 150 1946 275 1996; x_wconf 80' lang='lat' dir='ltr'><strong>vidmdum</strong></span> <span class='ocrx_word' id='word_1_82' title='bbox 285 1946 329 1994; x_wconf 82' lang='lat' dir='ltr'><strong>sibi</strong></span> <span class='ocrx_word' id='word_1_83' title='bbox 339 1945 403 1993; x_wconf 75' lang='lat' dir='ltr'><strong>eliud</strong></span> <span class='ocrx_word' id='word_1_84' title='bbox 413 1962 462 1993; x_wconf 82' lang='lat' dir='ltr'><strong>esse</strong></span> <span class='ocrx_word' id='word_1_85' title='bbox 471 1945 608 2003; x_wconf 83' lang='lat' dir='ltr'><strong>consilium3</strong></span> <span class='ocrx_word' id='word_1_86' title='bbox 625 1945 665 1992; x_wconf 89' lang='lat' dir='ltr'><strong>illo</strong></span> <span class='ocrx_word' id='word_1_87' title='bbox 676 1950 758 1993; x_wconf 78' lang='lat' dir='ltr'><strong>sensus</strong></span> <span class='ocrx_word' id='word_1_88' title='bbox 772 1961 804 1994; x_wconf 82' lang='lat' dir='ltr'><strong>se</strong></span> 
     </span>
     <span class='ocr_line' id='line_1_18' title="bbox 121 2006 805 2085; baseline -0.007 -25"><span class='ocrx_word' id='word_1_89' title='bbox 121 2010 286 2075; x_wconf 75' lang='lat' dir='ltr'><strong>mpublium</strong></span> <span class='ocrx_word' id='word_1_90' title='bbox 296 2025 374 2073; x_wconf 79' lang='lat' dir='ltr'><strong>gerere</strong></span> <span class='ocrx_word' id='word_1_91' title='bbox 383 2024 429 2057; x_wconf 92' lang='lat' dir='ltr'><strong>non</strong></span> <span class='ocrx_word' id='word_1_92' title='bbox 440 2025 506 2073; x_wconf 87' lang='lat' dir='ltr'><strong>posse</strong></span> <span class='ocrx_word' id='word_1_93' title='bbox 513 2010 539 2067; x_wconf 86' lang='lat'><strong>;”</strong></span> <span class='ocrx_word' id='word_1_94' title='bbox 555 2023 632 2068; x_wconf 86' lang='lat' dir='ltr'><strong>mene,</strong></span> <span class='ocrx_word' id='word_1_95' title='bbox 645 2008 720 2056; x_wconf 88' lang='lat' dir='ltr'><strong>idibus</strong></span> <span class='ocrx_word' id='word_1_96' title='bbox 732 2006 805 2085; x_wconf 67' lang='lat' dir='ltr'><strong>Sep-</strong></span> 
     </span>
     <span class='ocr_line' id='line_1_19' title="bbox 121 2071 803 2137; baseline -0.004 -12"><span class='ocrx_word' id='word_1_97' title='bbox 121 2076 224 2135; x_wconf 85' lang='lat' dir='ltr'><strong>tembrIs‚</strong></span> <span class='ocrx_word' id='word_1_98' title='bbox 235 2082 259 2122; x_wconf 85' lang='lat' dir='ltr'><strong>et</strong></span> <span class='ocrx_word' id='word_1_99' title='bbox 270 2074 310 2121; x_wconf 84' lang='lat' dir='ltr'><strong>ine</strong></span> <span class='ocrx_word' id='word_1_100' title='bbox 320 2082 343 2122; x_wconf 83' lang='lat' dir='ltr'><strong>et</strong></span> <span class='ocrx_word' id='word_1_101' title='bbox 353 2081 445 2122; x_wconf 76' lang='lat' dir='ltr'><strong>senatus</strong></span> <span class='ocrx_word' id='word_1_102' title='bbox 455 2074 571 2137; x_wconf 82' lang='lat' dir='ltr'><strong>frequens,</strong></span> <span class='ocrx_word' id='word_1_103' title='bbox 583 2081 663 2122; x_wconf 76' lang='lat' dir='ltr'><strong>vocatu</strong></span> <span class='ocrx_word' id='word_1_104' title='bbox 673 2071 756 2131; x_wconf 84' lang='lat' dir='ltr'><strong>Drusi,</strong></span> <span class='ocrx_word' id='word_1_105' title='bbox 771 2089 803 2122; x_wconf 86' lang='lat' dir='ltr'><strong>m</strong></span> 
     </span>
     <span class='ocr_line' id='line_1_20' title="bbox 121 2134 804 2201; baseline -0.01 -12"><span class='ocrx_word' id='word_1_106' title='bbox 121 2140 209 2188; x_wconf 71' lang='lat' dir='ltr'><strong>cunum</strong></span> <span class='ocrx_word' id='word_1_107' title='bbox 225 2139 295 2188; x_wconf 84' lang='lat' dir='ltr'><strong>venit.</strong></span> <span class='ocrx_word' id='word_1_108' title='bbox 318 2138 357 2186; x_wconf 92' lang='lat' dir='ltr'><strong>Ibi</strong></span> <span class='ocrx_word' id='word_1_109' title='bbox 374 2152 428 2186; x_wconf 91' lang='lat' dir='ltr'><strong>cum</strong></span> <span class='ocrx_word' id='word_1_110' title='bbox 445 2136 537 2185; x_wconf 85' lang='lat' dir='ltr'><strong>Drusus</strong></span> <span class='ocrx_word' id='word_1_111' title='bbox 549 2138 625 2187; x_wconf 81' lang='lat' dir='ltr'><strong>mults</strong></span> <span class='ocrx_word' id='word_1_112' title='bbox 639 2136 667 2184; x_wconf 91' lang='lat' dir='ltr'><strong>de</strong></span> <span class='ocrx_word' id='word_1_113' title='bbox 681 2134 804 2201; x_wconf 82' lang='lat' dir='ltr'><strong>Philippo</strong></span> 
     </span>
     <span class='ocr_line' id='line_1_21' title="bbox 121 2201 841 2267; baseline 0.001 -17"><span class='ocrx_word' id='word_1_114' title='bbox 121 2212 216 2267; x_wconf 80' lang='lat' dir='ltr'><strong>questus</strong></span> <span class='ocrx_word' id='word_1_115' title='bbox 230 2211 295 2261; x_wconf 73' lang='lat' dir='ltr'><strong>esset,</strong></span> <span class='ocrx_word' id='word_1_116' title='bbox 306 2202 384 2249; x_wconf 87' lang='lat' dir='ltr'><strong>retulit</strong></span> <span class='ocrx_word' id='word_1_117' title='bbox 398 2203 429 2249; x_wconf 83' lang='lat' dir='ltr'><strong>sd</strong></span> <span class='ocrx_word' id='word_1_118' title='bbox 441 2210 547 2250; x_wconf 76' lang='lat' dir='ltr'><strong>senatum</strong></span> <span class='ocrx_word' id='word_1_119' title='bbox 562 2201 591 2249; x_wconf 93' lang='lat' dir='ltr'><strong>de</strong></span> <span class='ocrx_word' id='word_1_120' title='bbox 605 2202 646 2249; x_wconf 85' lang='lat' dir='ltr'><strong>illo</strong></span> <span class='ocrx_word' id='word_1_121' title='bbox 657 2202 714 2264; x_wconf 89' lang='lat' dir='ltr'><strong>ipso,</strong></span> <span class='ocrx_word' id='word_1_122' title='bbox 728 2202 806 2262; x_wconf 78' lang='lat' dir='ltr'><strong>quod</strong></span> <span class='ocrx_word' id='word_1_123' title='bbox 836 2250 841 2259; x_wconf 75' lang='grc'><strong>,</strong></span> 
     </span>
     <span class='ocr_line' id='line_1_22' title="bbox 120 2265 805 2331; baseline 0 -16"><span class='ocrx_word' id='word_1_124' title='bbox 120 2268 201 2315; x_wconf 78' lang='lat' dir='ltr'><strong>ccum]</strong></span> <span class='ocrx_word' id='word_1_125' title='bbox 211 2268 235 2314; x_wconf 91' lang='lat' dir='ltr'><strong>in</strong></span> <span class='ocrx_word' id='word_1_126' title='bbox 246 2282 300 2314; x_wconf 86' lang='lat' dir='ltr'><strong>eum</strong></span> <span class='ocrx_word' id='word_1_127' title='bbox 311 2265 415 2313; x_wconf 83' lang='lat' dir='ltr'><strong>ordinem</strong></span> <span class='ocrx_word' id='word_1_128' title='bbox 425 2265 805 2331; x_wconf 69' lang='lat' dir='ltr'><strong>umgmvierinoeneioneesset</strong></span> 
     </span>
     <span class='ocr_line' id='line_1_23' title="bbox 120 2328 805 2394; baseline 0.007 -18"><span class='ocrx_word' id='word_1_129' title='bbox 120 2330 230 2378; x_wconf 78' lang='lat' dir='ltr'><strong>iuvectus.</strong></span> <span class='ocrx_word' id='word_1_130' title='bbox 249 2330 307 2390; x_wconf 78' lang='lat' dir='ltr'><strong>lm,</strong></span> <span class='ocrx_word' id='word_1_131' title='bbox 318 2338 345 2376; x_wconf 89' lang='lat' dir='ltr'><strong>ut</strong></span> <span class='ocrx_word' id='word_1_132' title='bbox 359 2346 419 2393; x_wconf 80' lang='lat' dir='ltr'><strong>saepe</strong></span> <span class='ocrx_word' id='word_1_133' title='bbox 431 2330 491 2379; x_wconf 84' lang='lat' dir='ltr'><strong>inter</strong></span> <span class='ocrx_word' id='word_1_134' title='bbox 501 2330 606 2393; x_wconf 84' lang='lat' dir='ltr'><strong>homines</strong></span> <span class='ocrx_word' id='word_1_135' title='bbox 616 2328 805 2394; x_wconf 70' lang='lat' dir='ltr'><strong>sapientissimos</strong></span> 
     </span>
     <span class='ocr_line' id='line_1_24' title="bbox 120 2393 807 2459; baseline 0.004 -17"><span class='ocrx_word' id='word_1_136' title='bbox 120 2402 223 2442; x_wconf 76' lang='lat' dir='ltr'><strong>comme</strong></span> <span class='ocrx_word' id='word_1_137' title='bbox 239 2394 295 2452; x_wconf 78' lang='lat' dir='ltr'><strong>vidi,</strong></span> <span class='ocrx_word' id='word_1_138' title='bbox 312 2409 456 2459; x_wconf 77' lang='lat' dir='ltr'><strong>quemquem</strong></span> <span class='ocrx_word' id='word_1_139' title='bbox 470 2397 515 2443; x_wconf 86' lang='lat' dir='ltr'><strong>hoc</strong></span> <span class='ocrx_word' id='word_1_140' title='bbox 530 2395 620 2455; x_wconf 79' lang='lat' dir='ltr'><strong>Crasso,</strong></span> <span class='ocrx_word' id='word_1_141' title='bbox 637 2410 689 2445; x_wconf 89' lang='lat' dir='ltr'><strong>cum</strong></span> <span class='ocrx_word' id='word_1_142' title='bbox 703 2393 807 2457; x_wconf 69' lang='lat' dir='ltr'><strong>aliquid</strong></span> 
     </span>
     <span class='ocr_line' id='line_1_25' title="bbox 96 2457 808 2532; baseline -0.003 -26"><span class='ocrx_word' id='word_1_143' title='bbox 96 2469 99 2473; x_wconf 88' lang='grc'><em>·</em></span> <span class='ocrx_word' id='word_1_144' title='bbox 120 2457 360 2532; x_wconf 66' lang='lat' dir='ltr'><strong>mnfinsdixisset,</strong></span> <span class='ocrx_word' id='word_1_145' title='bbox 371 2474 461 2523; x_wconf 86' lang='lat' dir='ltr'><strong>semper</strong></span> <span class='ocrx_word' id='word_1_146' title='bbox 475 2460 523 2509; x_wconf 79' lang='lat' dir='ltr'><strong>fere</strong></span> <span class='ocrx_word' id='word_1_147' title='bbox 537 2460 675 2525; x_wconf 75' lang='lat' dir='ltr'><strong>contigisset,</strong></span> <span class='ocrx_word' id='word_1_148' title='bbox 689 2466 717 2507; x_wconf 86' lang='lat' dir='ltr'><strong>ut</strong></span> <span class='ocrx_word' id='word_1_149' title='bbox 730 2472 808 2509; x_wconf 88' lang='lat' dir='ltr'><strong>nun.</strong></span> 
     </span>
     <span class='ocr_line' id='line_1_26' title="bbox 120 2520 809 2587; baseline -0.01 -11"><span class='ocrx_word' id='word_1_150' title='bbox 120 2530 192 2576; x_wconf 66' lang='lat' dir='ltr'><strong>‘Imm</strong></span> <span class='ocrx_word' id='word_1_151' title='bbox 201 2520 287 2570; x_wconf 74' lang='lat' dir='ltr'><strong>dixisse</strong></span> <span class='ocrx_word' id='word_1_152' title='bbox 302 2522 387 2571; x_wconf 85' lang='lat' dir='ltr'><strong>melius</strong></span> <span class='ocrx_word' id='word_1_153' title='bbox 396 2532 525 2587; x_wconf 78' lang='lat' dir='ltr'><strong>puteretru,</strong></span> <span class='ocrx_word' id='word_1_154' title='bbox 537 2533 616 2573; x_wconf 79' lang='lat' dir='ltr'><strong>tamen</strong></span> <span class='ocrx_word' id='word_1_155' title='bbox 625 2524 729 2575; x_wconf 87' lang='lat' dir='ltr'><strong>omnium</strong></span> <span class='ocrx_word' id='word_1_156' title='bbox 739 2539 809 2575; x_wconf 91' lang='lat' dir='ltr'><strong>con.</strong></span> 
     </span>
     <span class='ocr_line' id='line_1_27' title="bbox 120 2586 811 2653; baseline 0 -10"><span class='ocrx_word' id='word_1_157' title='bbox 120 2586 811 2653; x_wconf 58' lang='lat' dir='ltr'><strong>Qmmmjudiuumsudivscoetecsscmsso</strong></span> 
     </span>
    </p>
   </div>
   <div class='ocr_carea' id='block_1_6' title="bbox 0 0 906 2892">
    <p class='ocr_par' dir='ltr' id='par_1_6' title="bbox 0 0 906 2892">
     <span class='ocr_line' id='line_1_28' title="bbox 0 0 906 2892; baseline 0 0"><span class='ocrx_word' id='word_1_158' title='bbox 0 0 906 2892; x_wconf 95' lang='lat' dir='ltr'><strong> </strong></span> 
     </span>
    </p>
   </div>
  </div>
 </body>
</html>
