1800 2892
160 106 210 158 nn
224 107 401 173 oniscon,
418 109 479 160 nn.
491 73 527 158 ri.
542 109 608 160 om
619 109 660 158 ao.
692 108 740 155 ass

73 235 123 286 dax
138 235 292 286 Manmios.”
319 237 457 302 Perspicitis,
474 239 518 286 hoc
534 253 606 302 genus
621 251 693 303 quam
710 235 741 284 sit

75 298 186 361 faoemm,
202 318 274 365 quam
288 303 388 365 elegans,
403 318 475 366 quam
491 303 624 363 oratorium,
641 300 688 350 sive
698 300 741 348 ha·
776 329 777 332 =

75 365 139 423 beas,
147 381 200 412 vere
210 367 273 428 quod
282 381 373 414 nsrrme
380 367 451 430 possis
464 367 536 430 (quod
546 375 623 414 tamen
634 373 668 414 est
675 379 741 413 men-

74 426 218 486 daciunculis
228 429 430 493 adspergendum),
441 431 488 478 sive
498 431 578 494 fingas.
603 429 647 478 Est
661 437 739 476 autem

75 490 125 541 baro
135 491 207 553 hujus
217 495 306 555 generis
315 495 395 554 mors,
406 503 434 541 ut
441 495 475 542 ita
485 494 546 542 facta
555 494 704 551 demonstres,
713 500 741 539 ut

73 568 151 603 mores
169 557 229 616 ejus,
248 557 341 621 dequo
358 572 443 618 narres,
463 567 490 605 ut
508 573 590 617 sermo,
612 566 639 604 ut
654 557 740 615 vultis,

76 633 158 669 omnes
172 621 338 683 exprimantur,
355 630 383 668 ut
399 622 436 682 iis,
452 621 494 684 qui
509 621 614 681 audiunt,
630 627 681 668 tum
692 617 740 682 geri

75 681 117 728 illa
134 683 231 746 fierique
244 684 371 732 videantur.
395 684 425 732 In
442 700 468 733 re
485 694 519 732 est
535 686 591 733 item
607 683 740 742 ridiculum,

75 747 140 808 quod
156 763 187 794 ex
204 748 305 811 quidam
318 749 441 812 depravati
455 749 582 797 imitatione
598 748 660 796 sumi
676 747 741 806 solet,

75 818 103 856 ut
117 810 181 858 idem
194 811 299 871 Crassus,
317 813 334 840 “
344 829 386 876 per
395 821 461 860 trram
474 812 626 872 nobilitatem,
641 827 682 875 per
692 826 742 858 ves·

74 881 139 924 tram
157 874 296 923 simitum?
320 876 385 934 Quid
400 877 465 924 aliud
483 875 536 936 fuit,
555 877 580 924 in
599 891 645 940 quo
664 873 742 922 concio

76 937 171 997 rideret,
187 939 234 986 nisi
243 939 284 987 illa
291 940 367 988 vultos
378 950 401 988 et
408 941 468 988 vocis
475 940 591 989 imitatio?
610 943 626 968 “
635 940 680 987 Per
691 947 742 986 tuas

75 1003 180 1048 stamas”
189 1019 243 1050 vcro
252 1004 380 1064 cumdixit,
392 1012 512 1052 etextento
519 1005 611 1053 brachio
617 1003 741 1068 paululum
782 1030 784 1034 .

75 1065 148 1112 etiarn
165 1065 195 1113 de
210 1076 276 1129 gestus
291 1068 388 1128 addidit,
404 1067 559 1116 vehementius
575 1068 673 1116 risimm.
701 1067 741 1119 Ex

58 1128 120 1176 'hoc
133 1131 438 1192 gmercoetillaRosdana
450 1131 548 1179 imitatio
563 1133 637 1180 scnisr
655 1130 741 1180 “Tibi

74 1208 127 1254 ego,
143 1194 260 1257 Antipho,
275 1195 317 1243 has
331 1197 406 1256 sero,''
421 1196 511 1260 inquit:
529 1196 618 1244 senium
629 1202 671 1255 ost,
687 1210 742 1242 cum
811 1221 814 1227 ·

74 1256 154 1304 audio.
179 1257 261 1322 Atque
277 1259 310 1306 ita
327 1268 361 1307 est
373 1267 449 1307 totum
465 1261 509 1308 hoc
523 1259 573 1323 ipso
589 1273 671 1322 genere
686 1257 743 1305 ridi·
761 1265 763 1269 ’

73 1321 166 1380 assum,
177 1330 206 1368 ut
216 1323 344 1370 cautissime
354 1323 498 1371 tractandum
509 1323 545 1370 sit.
569 1321 698 1370 Mimorum
709 1330 743 1368 est

70 1385 140 1430 enim
316 1421 325 1448 ,
340 1388 360 1434 si
373 1388 446 1435 nimia
460 1396 494 1435 est
507 1387 613 1447 imitatio,
628 1385 687 1433 sicut
701 1387 743 1432 ob-

72 1449 189 1496 scoenitas.
212 1449 296 1498 Orator
313 1451 419 1515 surripiat
435 1459 524 1514 oportet
540 1450 700 1509 imitationem,
716 1457 744 1496 ut

71 1639 184 1702 pitudine
192 1650 218 1687 et
227 1657 304 1688 renim
314 1643 458 1690 obscenitate
468 1643 567 1691 vitandi.

60 1765 63 1768 ἢ
104 1703 166 1751 LX.
183 1704 248 1767 Ergo
265 1705 314 1754 hec
333 1707 379 1755 duo
397 1722 482 1770 genera
500 1715 554 1754 sunt
573 1707 622 1768 ejus
642 1705 742 1766 ridiculi,

70 1767 378 1831 quodinrepositumest:
396 1787 448 1834 quae
459 1770 614 1834 suntpropria
719 1787 744 1818 a·
815 1774 817 1781 ⁴

70 1848 129 1882 rum
147 1832 291 1893 facetiarum,
306 1835 331 1881 in
348 1836 432 1898 quibus
448 1834 606 1887 describuntur
638 1836 743 1882 ominum

69 1911 161 1956 mores,
179 1897 245 1944 etita
255 1898 402 1961 effinguntur,
417 1908 446 1945 ut
455 1908 504 1959 aut,
515 1913 540 1946 re
554 1897 645 1946 narrati
655 1898 742 1962 aliqui,

70 1961 158 2023 quales
174 1959 228 2018 sint,
244 1961 415 2024 intelligantrm
432 1972 481 2022 aut,
497 1961 623 2010 imitatione
633 1963 697 2011 brevi
707 1962 744 2009 in-

66 2024 146 2084 jectis,
157 2025 184 2070 in
191 2024 269 2087 aliquo
276 2026 361 2088 insigni
370 2026 400 2074 ad
410 2025 552 2073 irridendum
563 2026 618 2073 vitio
628 2026 743 2090 reperian-

71 2097 122 2134 tur.
142 2087 173 2133 In
184 2087 245 2136 dicto
255 2098 332 2136 autem
339 2089 464 2138 ridiculum
475 2098 508 2137 est
517 2089 550 2149 id,
560 2089 622 2152 quod
630 2090 693 2137 verbi
701 2095 745 2136 aut
833 2113 836 2118 ·

70 2151 197 2224 sententie
207 2152 308 2213 quodam
318 2155 424 2200 acumine
431 2162 542 2226 movetur.
559 2151 614 2211 Sed,
625 2160 660 2226 ut,
668 2153 694 2226 in
702 2151 743 2225 illo

70 2229 195 2326 {iffi
203 2217 497 2341 ἕξωέἲιᾞιῗὲἳᾙ
505 2217 746 2338 diff

69 2342 128 2402 hoc,
146 2342 247 2389 scurrilis
264 2344 346 2390 oratori
361 2343 468 2390 dicacitas
481 2355 619 2404 magnopere
635 2340 746 2402 firgienda

70 2414 115 2453 est.
127 2463 130 2467 ¹
146 2405 199 2463 Qui
209 2405 281 2467 igitur
290 2405 458 2468 distinguemus
469 2420 483 2450 a
493 2404 614 2470 Crasso,a
624 2403 716 2462 Catulo,
732 2417 747 2451 tt

69 2468 174 2534 caeteris,
183 2468 321 2516 familiarem
336 2478 447 2527 restrum,
459 2465 582 2523 Granium,
599 2472 639 2536 aut
653 2463 747 2526 Vargu-

69 2534 137 2592 lam,
145 2531 249 2580 amicum
259 2535 358 2580 meum?
374 2532 440 2591 Non,
455 2526 593 2586 mehercule,
608 2541 633 2572 m
646 2535 755 2600 mentem,

73 2596 142 2644 mihi
152 2595 249 2660 quidem
260 2595 337 2644 verit:
349 2591 589 2646 suntenimditaoeat
602 2588 689 2637 Gratus
699 2605 750 2656 qut-
