1800 2892
135 145 168 192 2⁰
200 139 247 190 DE
265 137 500 200 ntvnrtdiomt,
517 138 612 189 nusi.
628 138 744 195 (inem.

141 269 193 318 llos
203 269 229 316 in
240 285 322 332 genere
332 267 468 318 narrationis
475 269 550 316 multu
560 269 635 316 inosoe
643 267 712 316 debet
723 267 813 320 festini-

140 343 183 392 tes,
195 335 297 382 oonfocts
307 349 336 381 ex
343 349 421 381 rerum
429 334 544 393 mute,
555 332 687 380 unimomm
693 331 813 380 dissemili·

141 398 229 458 tudine,
241 399 359 460 grovimte,
369 397 471 458 lenitate,
480 413 529 460 spe,
538 405 612 455 mem,
679 397 685 407 “
700 396 761 456 one,
772 397 813 444 do-

141 461 232 522 siderio,
243 463 431 521 dissimulatione,
442 476 525 520 errore,
537 461 641 508 miserioo
669 461 686 478 Ἀ
712 461 814 511 fortunae

142 527 327 587 eommutstione,
342 527 458 588 insperato
470 524 625 583 inosmmodo,
635 525 712 572 subiti
721 525 813 585 lretitisi,

141 589 244 650 jucundo
254 591 317 638 exitu
328 605 413 638 rerum.
430 589 664 648 Vernmhaeeexhis,
672 605 727 652 quae
734 598 819 652 postes
830 619 832 621 >

142 654 172 702 de
182 654 307 702 elocutione
317 654 487 717 praesipientur,
497 662 632 700 ornaments
641 662 771 700 sumenttu.

175 717 233 766 XX.
251 719 322 766 Nune
336 717 366 765 de
377 718 506 765 narratione
515 717 551 777 ei,
563 733 618 781 quae
627 733 703 764 osusae
712 717 815 765 eontinet

143 783 316 845 expositionem,
324 781 447 829 dicendum
459 781 555 830 videtin.
572 780 671 844 Oportet
680 781 754 844 igitut
760 797 813 829 etun

144 855 189 894 tres
203 847 286 893 habere
300 861 351 902 res3
368 854 396 893 ut
409 846 493 904 brevis,
504 854 532 892 ut
545 854 632 908 aperto,
647 854 675 892 ut
688 846 815 908 probabilis
829 887 832 890 ,

145 910 181 957 sit.
198 910 280 957 Brevis
288 910 338 969 orit,
347 909 374 969 si,
388 910 450 957 unde
457 924 547 957 necoese
554 919 596 970 est,
604 909 663 956 «inde
669 909 764 959 initium
775 926 816 958 sn-

146 982 230 1032 metur,
242 973 585 1036 etnonsbultimorepeoesn3
597 973 817 1034 etsioujusreisn-
885 969 887 976 ’

146 1037 176 1084 tis
190 1038 233 1086 etit
249 1053 371 1096 mem,
379 1037 472 1097 dixisse,
488 1039 537 1098 ejus
547 1046 623 1101 partes
636 1052 684 1084 non
693 1038 815 1086 dieenturs

147 1101 558 1165 numsaepesetisestquidfaomm
572 1101 710 1162 diffideret
726 1117 775 1150 non
789 1111 817 1150 ut

147 1180 245 1225 enarres,
257 1165 453 1230 quemadmodum
467 1166 496 1212 sit
510 1165 613 1213 foetum:
629 1175 653 1212 et
666 1166 687 1215 si
700 1181 747 1213 nm
764 1167 817 1214 lon-

147 1230 208 1292 gius,
224 1245 295 1293 quam
306 1229 368 1293 quod
378 1231 436 1277 scitu
446 1245 506 1292 opis
518 1239 561 1289 est,
575 1230 601 1278 in
611 1229 725 1277 nouando
737 1245 818 1293 prooe-

148 1293 229 1341 detur=
247 1302 270 1341 et
284 1295 303 1341 si
317 1293 502 1342 nullsminrem
517 1294 818 1343 aimmnsniursetsi

147 1357 181 1405 its
194 1357 290 1416 dicetur,
301 1365 328 1405 ut
337 1372 505 1420 nonnunquam
516 1373 545 1405 ex
557 1373 592 1417 eo,
605 1357 668 1421 quod
677 1358 766 1407 dictum
777 1360 817 1419 sit,

148 1421 181 1482 id,
192 1423 255 1485 quod
263 1422 350 1470 dictum
360 1422 451 1480 nonsit,
460 1421 615 1484 intelligetur:
627 1430 651 1469 et
660 1421 680 1472 si
689 1437 736 1470 non
746 1423 819 1474 modo

148 1484 173 1531 id
188 1485 251 1547 quod
265 1487 336 1546 obest,
348 1501 429 1533 verum
439 1485 510 1532 etism
523 1485 549 1534 id
562 1485 625 1549 quod
638 1501 681 1536 nee
695 1488 762 1534 obest
773 1502 819 1536 net

148 1549 251 1609 adjuvat,
262 1550 428 1613 praeteribittus
446 1558 470 1596 et
479 1550 499 1597 si
509 1549 580 1596 sennel
587 1551 770 1614 unumquodque
781 1551 819 1598 di-

149 1621 226 1660 teturt
239 1613 289 1660 etsi
299 1627 345 1660 non
357 1614 386 1661 ab
398 1629 432 1674 eo,
448 1614 474 1660 in
484 1629 531 1677 quo
541 1614 645 1676 proxime
655 1613 753 1660 desitum
764 1616 818 1677 erit,

149 1676 254 1740 deinceps
264 1676 391 1740 incipietur.
408 1677 446 1725 Ao
453 1679 539 1725 multos
546 1677 644 1725 imitatio
653 1679 769 1725 brevitatis
777 1680 819 1728 de-

150 1740 213 1802 cipit,
222 1749 257 1801 ut,
269 1756 322 1788 oum
331 1757 354 1789 se
361 1743 440 1790 breves
450 1750 533 1806 putent
546 1758 602 1802 esse,
612 1742 740 1804 longissimi
753 1743 819 1802 sint;

150 1819 204 1853 eum
212 1805 267 1852 dent
276 1821 378 1868 opernm,
389 1814 417 1853 ut
427 1822 462 1854 res
469 1807 555 1854 multas
564 1807 663 1854 breviter
673 1806 757 1866 ditent,
769 1823 819 1856 non

150 1869 288 1980 lttfflt
295 1885 379 1980 Piii'
387 1870 819 1998 mittentem&

150 1997 235 2061 quiite
242 1997 311 2044 dicit:
328 1997 421 2046 Accessi
429 1999 460 2045 sd
470 1999 544 2046 aedes:
555 2013 654 2061 puerum
665 1999 769 2046 evoosvi:
782 1972 820 2048 rei

151 2060 256 2125 spondit:
268 2061 364 2125 quaesivi
371 2061 505 2110 dominum:
517 2062 580 2110 domi
590 2063 681 2126 negavit
689 2079 743 2110 esse.
761 2063 820 2127 Hic,
849 2096 853 2103 ,

150 2125 241 2174 umetsi
251 2134 285 2172 tot
295 2141 330 2174 res
337 2126 429 2174 brevius
436 2142 483 2174 non
493 2127 569 2190 potuit
578 2127 660 2186 dicere,
668 2136 754 2187 tamen,
763 2130 822 2192 quis

151 2189 205 2236 setis
215 2189 261 2236 fuit
268 2189 359 2248 dixisse,
369 2189 432 2236 domi
444 2192 536 2252 negavit
547 2206 602 2250 esse,
615 2191 642 2238 fit
652 2206 728 2238 rerum
738 2193 822 2241 multi.
851 2232 854 2238 ,
893 2206 894 2211 ’

150 2253 231 2299 tudine
241 2253 330 2315 longus.
347 2252 426 2310 Quare
439 2254 483 2301 hoc
493 2270 586 2318 quoque
595 2255 620 2302 in
630 2270 712 2317 genere
726 2256 823 2308 vitands

151 2324 186 2364 est
199 2317 315 2364 brevitatis
328 2317 434 2376 imitatio,
447 2325 470 2365 et
484 2332 531 2365 non
542 2319 620 2366 minus
630 2335 709 2366 rerum
719 2334 767 2368 non
779 2337 822 2370 ne-

152 2380 307 2440 cessariarum,
326 2395 398 2443 quam
414 2384 536 2429 verborum
552 2383 701 2435 multitidine
716 2376 824 2447 inpense.

138 2459 140 2469 ·
152 2441 254 2489 dendum
264 2451 304 2490 est.
325 2443 415 2506 Aperte
427 2453 506 2492 eutem
515 2447 615 2494 neuntio
624 2447 776 2510 peternesse,
793 2452 823 2513 si,

153 2509 180 2548 ut
190 2504 292 2567 quidque
305 2507 407 2568 primum
417 2517 509 2570 gestum
522 2510 574 2569 erit,
589 2511 622 2558 its
635 2511 739 2574 primum
749 2529 824 2578 expo-

152 2571 228 2640 netur,
239 2576 262 2612 et
272 2583 347 2616 rerum
360 2586 386 2617 ao
398 2578 528 2635 temporum
540 2573 596 2623 ordo
606 2575 745 2636 servabimr„
753 2587 783 2626 ut
790 2580 826 2628 its

153 2635 280 2688 narrentur,
298 2639 325 2677 ut
335 2640 404 2694 gestae
415 2649 449 2682 res
464 2644 539 2696 onmt,
555 2647 596 2685 sut
610 2647 639 2686 ut
655 2639 756 2703 potuisse
772 2645 826 2705 geri
