1800 2892
148 93 195 142 DE
207 95 332 155 CLARIS
343 97 698 161 osauostfflusmsml.
710 101 759 150 ³93

89 254 92 260 -
119 222 176 270 XL.
202 223 267 272 Tum
281 225 378 285 Brutus,
390 227 442 276 Etsi
453 229 516 289 sutis,
526 229 611 292 iuquit,
622 228 682 276 mibi
693 220 755 276 vids-

86 289 130 336 bar
145 287 231 336 habere
246 289 364 354 cognitum
380 293 507 340 Scaevolam
522 308 551 340 ex
566 293 594 340 iis
609 295 686 350 rebus,
699 308 758 355 quas

86 351 211 400 audiebam
222 369 281 416 saepe
292 371 321 402 ex
328 355 360 402 C.
372 357 472 416 Rutilio,
483 372 530 419 quo
540 359 647 404 utebatur
662 367 756 420 propter

86 416 268 464 familiaritatem
283 419 390 467 Saevoloe
405 421 485 478 nostri,
495 429 574 467 tamen
584 420 628 468 ists
637 420 697 467 mibi
707 421 757 480 ejus

86 479 179 528 dicendi
189 489 254 528 tanta
263 482 313 530 laus
324 491 378 537 uota
386 499 433 531 non
443 493 499 532 erat.
520 484 603 546 Itaque
613 483 664 546 cepi
674 483 757 546 volup.

85 551 168 604 tatem,
180 552 228 590 tam
239 555 346 594 ornatum
357 548 441 606 virum,
456 556 552 610 tamque
564 547 677 596 excellens
691 547 756 610 inge·

87 608 165 666 nium,
177 608 246 656 fuisse
256 610 281 656 in
292 611 369 669 nostri
376 612 501 674 republicis

121 672 171 719 Hic
186 688 237 734 ego,
257 675 323 732 Noli,
341 675 446 738 iuquam,
464 676 546 733 Brute,
565 675 703 732 existimare,
721 673 758 722 his

86 736 179 783 duobus
189 737 317 800 quidquam
329 738 399 786 fuisse
413 739 438 786 in
453 740 531 787 nostri
543 739 634 786 civitate
648 746 759 802 prasus-

85 799 149 848 sius-r
167 815 231 860 nam,
243 810 270 848 ut
279 803 350 864 paulo
360 812 413 850 ante
423 803 481 862 dmi,
492 803 648 856 consultorum
659 802 757 852 altsmm

87 864 271 924 disertissimum,
290 865 426 918 disertorum
445 868 543 914 altemm
561 865 756 921 consultissimum

87 927 160 976 fuisse
169 944 177 984 ς
194 929 226 976 sic
236 929 260 976 in
269 929 362 992 reliquis
372 933 439 978 rebus
449 931 483 978 ita
493 931 613 987 dissimiles
623 938 688 977 ermt
696 930 757 976 intes

88 1007 145 1050 sese,
157 1000 256 1040 statuere
266 1001 293 1040 ut
303 1001 381 1041 tamen
391 1009 438 1042 noa
452 1009 538 1056 posses,
555 994 629 1041 utrius
643 1002 666 1040 te
676 993 757 1041 malles

87 1055 229 1106 similiorem.
257 1057 360 1112 Crassus,
373 1067 421 1105 erat
440 1058 580 1120 elegantium
601 1057 755 1120 parcissimus,

87 1121 191 1168 Scaevola
196 1135 317 1183 parcorum
324 1122 513 1184 elegantissimus.
529 1121 625 1170 Crassus
632 1121 657 1167 in
664 1121 757 1170 summi

88 1183 197 1231 sumitate
213 1185 313 1234 habebut
330 1186 399 1233 etism
412 1184 537 1233 seruitutis
551 1184 623 1241 sauss
640 1185 756 1245 search,

84 1247 165 1295 multis
174 1248 200 1294 in
210 1249 335 1307 severitate,
347 1264 394 1297 noa
401 1249 478 1297 deerat
488 1258 566 1296 tamen
572 1249 673 1296 semitas.
690 1247 757 1295 Libet

87 1311 220 1360 omniaboc
230 1313 362 1362 modozsed
372 1327 458 1372 vereor,
469 1311 756 1374 nefingivideauuuboee,

84 1383 116 1422 -ut
130 1375 236 1423 dieantur
250 1392 265 1424 a
278 1393 318 1430 me
331 1377 433 1440 quodam
447 1377 587 1435 modestes
602 1392 626 1424 se
636 1384 715 1427 tamen
725 1374 758 1422 sie

85 1439 167 1490 ,habet-
191 1440 253 1488 Gum
263 1441 339 1488 omnis
346 1441 418 1488 virtus
428 1441 467 1500 sit,
478 1448 505 1487 ut
515 1440 758 1498 mensuratum

88 1503 219 1552 Academia
235 1505 302 1564 dixit,
319 1504 476 1560 mediocritas3
495 1512 592 1567 uterque
607 1503 692 1550 horum
708 1517 758 1550 me·

88 1568 156 1615 dium
167 1568 278 1632 quiddam
289 1569 379 1620 volebat
389 1568 469 1632 sequi:
486 1567 565 1614 sedita
574 1567 678 1626 audebat,
686 1574 713 1613 ut
723 1567 758 1613 al«

88 1641 123 1679 ter
138 1647 169 1678 ex
183 1633 275 1680 alterius
289 1633 358 1680 laude
371 1641 470 1695 partem,
485 1639 582 1694 uterque
596 1639 676 1682 sutem
691 1645 757 1681 suam

87 1704 162 1744 totam
177 1696 277 1744 haberet.
292 1739 294 1744 .

121 1759 188 1806 Tum
202 1761 299 1820 Brutus,
316 1760 377 1810 Cum
394 1759 476 1812 ert-tud
490 1759 591 1811 oratioue
600 1759 659 1807 mibi
670 1759 756 1819 videor,

87 1823 175 1887 inquit,
186 1826 244 1871 bene
255 1825 364 1872 Crassum
375 1832 398 1871 et
411 1824 536 1871 Scaevolam
551 1824 693 1886 cognovisse,
705 1832 757 1871 tum

85 1888 148 1936 dete
159 1887 221 1934 etde
232 1889 280 1935 Ser.
292 1887 394 1951 Sulpicio
404 1887 514 1950 cogitans,
526 1903 573 1935 asse
583 1887 709 1950 quamdam
717 1903 757 1936 vo·

81 1952 124 2000 ¹bis
131 1951 510 2011 cumillissimilitudiaemjudioe.
525 1951 756 2014 Quonam,iuqusm,

86 2016 148 2064 istuc
158 2015 228 2062 modo
237 2019 248 2064 Ρ
265 2015 329 2074 Quis
336 2015 394 2062 mihi
402 2023 425 2062 et
431 2024 457 2062 tu
468 2014 559 2075 videris,
570 2015 655 2078 inquit,
666 2014 759 2064 tantum

86 2080 149 2141 juris
157 2079 232 2128 ‚civilis
244 2080 299 2126 seire
314 2079 420 2138 voluisse,
436 2087 550 2142 qusnmm
564 2080 618 2125 satis
633 2086 691 2126 esset
706 2093 757 2127 ors-

87 2145 150 2200 tori;
168 2151 191 2191 et
206 2143 298 2191 Servius
315 2143 451 2206 eloquentia
466 2151 558 2190 tsutmn
574 2141 715 2201 auumsisse,
729 2149 757 2188 ut

78 2252 82 2258 .
85 2209 126 2269 jus
143 2207 215 2256 civile
225 2207 292 2254 facile
306 2207 377 2268 possit
393 2207 467 2254 tueris
484 2215 608 2268 aetatesque
625 2213 713 2265 vestrae,
730 2212 758 2251 ut

79 2272 191 2331 illorum,
203 2271 272 2331 nihil,
281 2279 323 2318 sut
332 2285 378 2318 non
390 2270 437 2317 fere
447 2270 558 2330 multum,
570 2269 686 2316 differunt.

121 2336 193 2384 XLI.
218 2335 253 2382 Et
266 2350 317 2397 ego,
331 2334 369 2382 De
383 2349 430 2394 me,
445 2334 550 2398 inquam,
564 2332 638 2380 disere
651 2331 710 2380 nihil
724 2342 758 2379 est

78 2416 194 2454 ,necesses
212 2399 241 2446 de
256 2399 335 2447 Servio
349 2406 427 2446 autem
442 2406 466 2446 et
480 2406 505 2444 tu
520 2399 591 2461 probe
606 2397 672 2456 dieis,
682 2404 706 2444 et
716 2411 759 2458 ego

86 2465 174 2524 disum,
202 2463 249 2511 uod
259 2463 340 2511 sentio.
360 2463 416 2510 Non
427 2462 490 2509 enim
501 2461 567 2509 facile
577 2476 648 2524 quem
658 2459 758 2507 dixerim

85 2530 140 2592 plus
151 2537 189 2576 stu
206 2527 220 2539 ‘⁶
243 2542 314 2590 quam
324 2527 402 2585 illum,
413 2535 436 2572 et
446 2525 477 2572 sd
488 2525 620 2582 dicendum,
635 2532 659 2572 et
668 2523 699 2570 ad
709 2538 760 2570 om-

86 2609 128 2642 nes
139 2595 253 2641 bonarum
264 2605 341 2640 rerum
356 2589 495 2652 disciplinas,
512 2588 655 2636 adhibuisse:
673 2597 763 2651 namtst
