1800 2892
155 91 205 148 ³74
228 89 275 138 DE
286 85 660 146 culeisonesonfflus,
669 84 787 136 Gumis

156 229 205 274 tem
218 217 297 272 fuisse
313 217 388 268 Filius
398 217 494 284 quidun
508 218 566 279 ejus,
581 217 611 275 is,
622 216 665 281 qui
677 216 744 270 hunc
753 215 829 264 mino·

156 300 206 332 rein
217 283 347 348 Scipionem
357 300 372 331 e
383 283 458 332 Peulo
468 282 593 345 adoptavit,
605 280 625 329 si
638 297 734 345 oorpore
744 281 830 330 veluis-

80 346 84 351 ’
157 357 199 408 set,
211 349 328 412 inprimis
337 347 430 395 habitus
445 355 503 396 esset
517 347 621 394 disertus·
644 346 763 404 Indieent,
775 361 831 394 cum

157 414 315 472 oratiunculae,
333 421 385 460 tum
399 411 495 460 historie
513 411 619 475 quedem
636 410 729 470 (ἔτεα,
746 411 831 473 scripu

158 478 297 527 dulcissime.
615 518 619 529 ,

191 543 250 590 XX.
267 543 418 605 Numeroque
433 539 514 588 eodem
530 536 577 588 fnit
593 539 647 588 Sex.
663 539 752 598 AElius‚
770 539 831 600 juris

176 607 255 655 uidem
271 607 343 654 civilis
358 605 465 653 omnium
480 603 639 667 peritissimus,
656 605 697 652 sed
712 605 785 652 etiem
800 603 831 652 ed

159 624 283 720 licendum
349 679 393 717 tus.
419 669 459 716 De
468 669 596 716 minoribus
610 677 698 726 eutem,
710 669 739 717 (l.
750 669 832 730 supi-

160 737 209 784 oius
220 736 310 792 Gallus,
322 734 363 799 qui
376 735 480 782 maxime
494 733 600 780 omnium
614 732 730 780 nobilium
742 733 831 780 Grauis

159 797 230 848 literis
241 799 343 856 studuit;
360 798 425 862 isque
435 807 459 846 et
472 806 588 844 oratorum
598 797 624 846 in
633 812 733 845 numero
743 805 778 845 est
788 797 832 844 hs·

160 864 231 923 bitus,
247 873 269 912 et
279 863 324 910 fuit
338 863 432 926 reliquis
446 864 514 909 rebus
528 869 631 919 ornatus,
642 870 714 924 utque
728 862 830 925 elegans.

161 927 179 976 J
180 945 218 976 um
230 928 291 976 enim
302 935 350 975 eret
360 926 450 974 unctior
460 925 568 989 quedem
578 925 766 992 splendidiorque
775 941 833 974 eun-

72 996 77 1007 ’
127 1001 129 1005 ’
162 991 259 1040 metudo
268 991 392 1055 loquendi:
410 1006 475 1050 nem,
483 991 527 1037 hoc
538 999 634 1052 praetme
644 989 713 1036 ludus
721 989 833 1053 Apollini

160 1056 265 1114 faciente,
277 1071 331 1104 oum
341 1055 460 1118 Thyesten
470 1055 573 1102 fabulam
584 1053 705 1109 docuisset,
717 1053 748 1112 Q.
762 1053 834 1101 ller-

160 1120 204 1177 oio,
214 1120 258 1168 Cn.
266 1119 362 1168 Servilio
372 1119 511 1176 oonsulibus,
519 1126 618 1166 moriem
628 1118 686 1166 obiit
696 1118 796 1165 Ennius.

194 1185 253 1232 Erat
259 1183 339 1232 iisdem
346 1181 532 1246 temporibns'li.
541 1181 667 1240 Gracchus,
674 1183 704 1229 P.
711 1183 738 1230 F.
745 1181 834 1246 quibis

161 1248 241 1298 consul
248 1258 270 1297 et
277 1264 355 1296 censor
360 1247 413 1306 fuit,
419 1247 602 1308 cujusestornfio
607 1246 689 1294 Graeoe
695 1247 758 1310 apud
763 1246 835 1294 Rho·

162 1313 227 1371 dios3
244 1329 315 1378 quem
323 1313 396 1360 civem
406 1327 460 1358 cum
468 1325 570 1374 gravem,
581 1318 633 1359 tum
642 1310 713 1358 etiam
721 1311 835 1374 eloquen-

162 1387 218 1435 bem,
226 1387 314 1426 constet
319 1377 395 1424 fuisse
412 1375 440 1422 P.
449 1375 519 1422 etiam
526 1374 657 1438 Scipionem
663 1375 783 1434 Nasicam,
790 1371 836 1438 qui

162 1453 196 1492 est
207 1443 332 1491 Corculum
342 1439 479 1504 appellatus,
490 1438 531 1502 qui
540 1438 597 1486 item
608 1439 644 1486 bis
652 1440 732 1487 oonsul
742 1447 766 1487 et
777 1455 836 1488 een-

162 1523 199 1556 sor
209 1507 262 1565 fuit,
273 1505 379 1554 habitum
389 1505 534 1566 eloquentem
546 1501 646 1566 [aiunt],
657 1503 728 1561 illius,
739 1504 785 1568 qui
795 1521 836 1552 sa-

164 1631 438 1696 μι
446 1567 764 1691 em
775 1584 838 1693 n

185 1667 192 1680 .
446 1665 452 1678 .
496 1667 503 1678 .
665 1665 672 1689 ,
719 1665 726 1679 .
764 1666 772 1679 .

163 1697 237 1762 panio
248 1698 352 1745 instituto
363 1697 471 1745 deditum'
478 1696 553 1744 studio
563 1696 695 1751 literomm3
712 1696 754 1760 qni
762 1698 838 1745 etiem

163 1761 196 1821 Q.
205 1760 320 1822 Ennium,
332 1762 373 1826 qui
384 1777 438 1810 cum
448 1769 514 1824 putre
523 1761 573 1821 ejus
583 1759 608 1807 in
619 1759 709 1808 AEolie
718 1761 840 1811 militave-

164 1837 208 1884 rot,
226 1825 317 1874 civitate
336 1826 438 1884 donavit,
463 1841 517 1872 eum
539 1824 645 1872 triumvir
662 1823 775 1872 coloniam
794 1826 840 1874 de-

164 1890 284 1938 duxisses
303 1899 326 1938 et
336 1889 367 1938 T.
383 1889 493 1937 Annium
502 1890 615 1946 Luscum,
630 1887 702 1950 hujus
711 1888 742 1947 Q.
755 1890 841 1938 Fulvii

164 1955 286 2018 eollegam,
297 1970 344 2003 non
351 1953 487 2002 indisertum
493 1953 573 2000 dieunt
581 1952 658 2001 fiuime.
675 1953 757 2016 Atque
766 1955 840 2002 etiem

166 2019 196 2069 11.
208 2019 305 2078 Paulus,
316 2018 423 2066 Africani
439 2027 511 2080 peter,
522 2033 643 2080 personum
656 2017 768 2080 principis
783 2019 841 2067 civis

165 2085 233 2134 facile
244 2083 339 2132 dicendo
354 2085 476 2138 mebeten
494 2092 517 2129 et
534 2097 586 2130 vero
601 2079 670 2130 etiem
684 2090 735 2128 tum
747 2082 842 2135 Catone

167 2150 228 2208 vivo,
239 2149 281 2214 qui
291 2160 362 2195 annos
379 2148 483 2210 quinque
497 2155 520 2193 et
530 2146 645 2209 octoginta
658 2154 725 2192 nutus
739 2148 843 2196 excessit

164 2229 180 2261 e
191 2214 247 2272 viti,
257 2228 310 2260 eum
319 2211 413 2275 quidem
424 2227 451 2258 eo
458 2211 507 2273 ipso
515 2225 576 2258 anno
584 2219 663 2259 eontra
668 2211 715 2258 Ser.
724 2209 842 2270 Gellium,

163 2277 197 2323 ed
213 2277 336 2339 populum,
354 2275 446 2323 summb
467 2275 611 2322 contentione
631 2271 739 2331 dixissen
764 2291 843 2338 quun

167 2340 237 2386 etiem
248 2340 374 2387 orationem
385 2339 494 2402 seriptum
504 2338 605 2402 reliquit.

198 2403 271 2450 XXI.
288 2401 344 2462 Sed,
352 2403 408 2450 vivo
419 2403 516 2463 Catone,
531 2403 631 2451 minores
641 2409 697 2450 netu
707 2401 779 2450 multi
788 2417 845 2453 nno

167 2473 271 2527 tempore
278 2474 377 2514 oratores
386 2467 521 2515 floruerunt.
539 2467 603 2514 Nom
612 2476 635 2515 et
643 2467 677 2514 A.
684 2465 797 2527 Albinus,
810 2469 845 2528 is,

160 2528 208 2586 ¹qui
220 2529 300 2576 Graeoe
310 2529 399 2594 scripsit
407 2531 536 2590 historiam,
547 2531 589 2595 qui
599 2531 738 2580 oonsuleum
747 2531 778 2579 b
787 2531 847 2581 Im.

157 2589 228 2644 ,cuno
238 2591 292 2650 fuit,
304 2601 327 2639 et
334 2593 438 2642 literatus
447 2603 470 2642 et
481 2595 579 2643 disertus
589 2595 650 2644 suita
667 2603 690 2644 et
699 2595 775 2644 tenuit
784 2611 848 2647 mm
