1800 2892
178 80 226 129 DE
242 81 418 142 onnrottn,
435 82 495 153 lna.
508 80 543 129 11.
561 78 624 128 (lar.
636 80 676 128 st.
708 80 754 129 281

92 208 226 257 musano
252 208 448 273 usquequam
455 209 529 257 musa
536 184 761 257 murmurantium

93 281 256 337 opponuntur:
273 282 325 322 tum
335 274 472 335 objurgatio,
484 273 503 320 si
513 280 547 321 ost
557 272 692 330 auotoritast
710 280 762 319 tum

93 336 230 395 admonitio,
242 338 307 400 quasi
318 338 390 385 lonior
405 336 549 399 objurgatio,
566 345 618 383 tum
632 336 760 399 promissio,

95 402 115 449 si
126 400 249 460 audierint,
260 403 409 464 probattuost
427 410 478 449 ttrm
494 400 636 464 depracatiot
653 400 716 463 quod
726 406 761 447 ast

96 466 215 523 infimum,
226 464 266 512 sad
273 478 441 528 nonnunqum
452 465 515 512 utils.
539 464 701 511 Nullo-autem
711 464 762 511 looo

95 530 150 592 plus
166 529 254 575 faoenae
268 538 372 592 prosunt,
388 538 411 576 et
424 530 534 587 oeleritas,
550 536 573 575 et
585 528 654 574 breve
664 527 699 574 ali
716 527 763 574 uod

96 593 256 650 dictamnos
272 592 321 640 sine
339 592 458 655 dignitate,
476 601 499 639 et
515 606 569 639 oum
583 592 666 653 lepore.
720 589 763 637 ihil
847 613 850 619 ·

97 658 161 705 anim
171 664 221 703 tam
229 656 302 716 facile,
314 672 385 719 quam
395 656 528 715 multitudo,
537 672 552 703 a
561 654 661 713 tristitid,
670 661 693 701 et
703 669 764 716 supe

96 723 127 767 ab
138 721 269 779 acerbitato,
280 721 407 779 oommode,
418 736 445 769 ac
452 720 558 779 breviter,
570 727 592 766 et
602 725 677 778 acute,
693 725 717 764 et
726 716 764 763 hi·

97 786 147 832 tare
158 784 219 830 dicto
227 782 355 831 dedudmr.

132 846 278 896 LXXXIV.
294 848 400 911 Exposui
407 848 462 907 fere,
473 846 581 910 utpotui,
590 844 766 904 vobis,inutro·

99 928 147 975 qus
156 926 364 974 gmersoeusamm
372 911 496 975 qnasaqui
504 911 608 970 solerem,
617 924 669 972 quae
675 908 764 971 fugare,

99 991 154 1039 qun
164 984 273 1039 spectare,
285 976 378 1039 quaque
388 976 482 1022 omnino
491 975 516 1021 in
527 974 600 1022 nausis
614 973 701 1021 ratione
715 986 767 1019 var·

99 1037 152 1087 sari.
175 1040 227 1087 Nec
237 1040 296 1087 illud
306 1040 399 1087 tortium
409 1039 568 1087 laudationum
578 1052 651 1101 genus
661 1045 694 1085 est
704 1034 766 1083 diffi-

103 1104 156 1162 cile,
168 1104 231 1167 quod
241 1119 284 1167 ego
294 1103 360 1150 initio
370 1104 435 1167 quasi
449 1118 464 1151 a
477 1102 595 1166 praecoptis
605 1100 687 1149 nostris
697 1114 769 1148 seore-

100 1182 194 1215 veram:
212 1167 260 1228 ssd,
276 1176 299 1215 et
313 1167 368 1230 quia
382 1168 458 1214 multa
470 1175 524 1213 sunt
534 1166 663 1214 orationum
674 1178 765 1227 genera,

100 1240 124 1278 et
138 1230 251 1293 grarmra,
267 1241 290 1279 et
305 1231 398 1291 majoris
412 1230 491 1294 oopiae,
507 1229 630 1292 dequibus
641 1227 767 1275 nemoiere

101 1295 242 1360 praciperet,
254 1302 277 1342 et
287 1295 349 1358 quod
359 1310 400 1343 nos
414 1292 584 1343 laudationibus
598 1306 645 1339 non
659 1290 692 1337 ita
705 1290 768 1337 mul·

101 1368 155 1406 tum
165 1359 200 1406 uti
211 1358 342 1418 soleremus,
355 1366 430 1406 totum
445 1358 508 1405 hunc
523 1356 670 1419 segregabam
682 1355 767 1403 losum.

102 1421 417 1486 IpsienimGraecissegendi,
425 1416 768 1485 quimngisautldelootationis,

102 1495 144 1533 ant
154 1486 255 1534 hominis
264 1487 362 1547 alicujus
375 1486 480 1545 ornandi,
493 1500 564 1548 quam
580 1482 684 1531 utilitatis
698 1482 769 1543 hujus

102 1551 199 1598 forensis
210 1550 286 1609 nausa,
303 1550 444 1598 laudationes
455 1548 653 1611 scriptitaveruntt
670 1560 770 1610 quorum

102 1623 158 1662 sunt
171 1614 234 1673 libri,
252 1614 337 1677 quilius
352 1614 527 1673 Themistocles,
546 1609 667 1671 Aristides,
676 1608 771 1673 Agat

102 1680 164 1737 l‘a’us,
176 1678 358 1741 Epaminondas,
369 1678 501 1741 Philippus,
517 1674 659 1750 Alexandsr,
675 1675 769 1748 aliiqua,

102 1742 245 1790 laudantur
262 1751 344 1789 nostra·
357 1741 508 1801 laudationes,
523 1740 608 1803 quibus
622 1754 648 1787 ιιι
664 1739 713 1786 foro
724 1746 771 1785 utr-

102 1822 167 1865 mur,
179 1815 221 1853 aut
231 1806 353 1853 testimonii
363 1806 498 1856 brevitatem
507 1804 593 1851 habent
603 1803 691 1850 nudam
702 1810 771 1865 atque

102 1870 244 1929 inornatam,
257 1878 297 1916 aut
309 1870 439 1917 scribuntur
452 1868 483 1915 ad
499 1868 619 1915 danabrum
629 1866 770 1924 nonnionem,

103 1950 159 1998 qua
175 1933 207 1980 ad
215 1934 321 1981 emtionis
330 1933 424 1981 laudem
437 1933 535 1980 minime
548 1930 718 1979 aooommodata
730 1936 771 1977 ast·

102 1996 523 2061 Sednmenquoniamatusendum
553 1995 774 2055 'uando,nonnun·

103 2077 178 2127 quam
189 2061 259 2109 edam
270 2061 423 2121 scribendum,
438 2062 501 2109 velut
512 2060 540 2107 P.
592 2057 671 2106 beroni
680 2056 774 2103 Africa-

104 2130 164 2174 num
179 2125 321 2173 avunculum
335 2125 439 2172 laudanti
454 2124 542 2187 scripsit
552 2122 580 2170 C·
592 2121 687 2180 laelius,
698 2120 735 2167 vel
745 2126 773 2165 ut

103 2190 248 2252 nosmetipsi,
259 2189 355 2236 ornandi
365 2189 442 2248 nansi,
455 2189 587 2235 Graeoornm
597 2199 670 2243 more,
681 2183 701 2230 si
716 2196 774 2245 quos

96 2254 212 2314 salimus,
223 2252 318 2301 laudaro
324 2253 453 2317 potuimus3
471 2252 500 2300 sit
510 2268 525 2299 a
535 2249 600 2296 nobis
611 2262 704 2310 quoque
714 2254 773 2293 trao-

103 2326 169 2366 tatus
179 2318 200 2364 is
210 2318 281 2365 loeus.

137 2382 291 2445 Perspicuum
305 2389 340 2428 ast
349 2380 428 2442 igitur,
439 2377 485 2425 alia
495 2392 542 2425 osse
552 2376 577 2421 in
587 2372 681 2421 homine
692 2379 773 2445 opau-

103 2446 145 2506 da,
154 2444 329 2493 alialaudanda.
346 2444 435 2501 Genus,
443 2442 526 2500 forma,
535 2439 601 2496 viras,
609 2450 672 2497 opas,
681 2433 775 2492 unna,

102 2519 234 2573 omnaque
260 2524 298 2555 ua
307 2508 401 2556 fortuna
410 2506 449 2553 det
465 2512 506 2551 aut
520 2501 657 2549 extrinsecus
673 2505 714 2543 aut
727 2512 776 2565 cor-

102 2574 167 2638 pori,
184 2588 231 2621 non
322 2571 371 2619 tin
386 2584 411 2617 sa
425 2562 623 2675 reramssatpdgmt
641 2559 781 2623 quudebui
