1800 2892
110 111 161 192 m
171 113 298 166 enims
309 113 546 179 onA‘ronutUs,
557 118 621 167 cnr.
632 118 672 166 st.
689 118 740 173 375

65 231 197 292 hocioctrm
205 245 331 308 quemdam
342 245 411 294 etium
422 247 471 295 Ser.
480 247 586 309 Fulvius,
598 256 622 295 et
630 247 679 296 unt
687 247 736 295 Ser.

66 307 157 357 Fabius
167 309 254 372 Pictor,
270 319 294 358 et
301 310 369 371 juris,
384 319 407 358 et
416 311 544 372 literarum,
561 322 585 360 et
595 312 739 376 antiquitatis

66 373 126 420 bene
136 373 231 436 peritus.
254 373 286 432 Q.
296 390 342 438 que
352 374 439 422 Fabius
449 375 529 423 labeo
539 377 584 424 fuit
594 385 688 423 ornatus
697 376 739 424 iis-

68 435 122 483 dem
130 439 179 484 fere
186 438 301 487 laudibus.
319 439 384 486 Nem
393 438 424 498 Q.
433 439 554 500 Metellus,
565 441 593 500 is,
604 442 671 501 cujus
679 456 737 504 qua·

67 509 121 548 mor
135 502 179 548 filii
196 499 325 550 oonmlnes
341 503 444 563 fuerunt,
461 503 487 550 in
504 505 585 566 primis
599 513 633 551 est
644 503 738 551 habitus

68 565 193 628 eloquens3
211 567 253 630 qui
269 583 311 634 pro
329 568 358 614 1..
368 567 437 615 Catu
453 568 521 627 dixit,
537 576 657 616 accusante
671 567 739 614 Atti.

68 632 680 758 fflffiqpoepaemqthffiffiqffi.
695 631 736 679 o.

101 758 169 806 Tum
179 761 228 822 ipse
238 759 268 807 L.
278 760 345 807 Cotta
356 769 467 807 veterator
476 761 584 817 habitus3
597 761 636 808 sed
647 759 674 807 C.
684 759 738 808 11ae-

69 822 115 870 lius
130 831 154 870 et
169 824 197 870 P.
206 823 332 871 Africanus
346 823 371 870 in
385 823 466 886 primis
475 825 620 888 eloquentem
638 839 738 886 quorum

69 895 162 934 exstant
176 888 297 947 orationes,
314 903 344 936 ex
359 889 443 950 quibus
459 888 584 936 existimari
598 889 627 936 de
640 889 738 952 ingeniis

71 948 214 1015 [oratorum]
226 960 307 1014 potest.
324 953 378 1011 Sed,
390 952 449 999 inter
459 951 509 1012 hos,
521 961 587 1000 ente
596 953 693 1016 paulum
701 952 738 1000 his

68 1015 213 1077 antecedens,
229 1017 278 1063 sine
292 1015 442 1064 controversie
457 1018 505 1064 Ser.
517 1017 594 1079 Galba
606 1017 739 1080 eloquentii

69 1080 191 1143 prestitit:
210 1087 232 1127 ct
249 1081 360 1127 nimirum
374 1081 402 1140 is,
417 1081 523 1144 princeps
536 1097 566 1128 ex
583 1081 681 1140 latinis,
698 1081 739 1128 illa

68 1153 188 1191 oratorum
202 1145 295 1208 propria
309 1152 331 1191 et
345 1145 411 1208 quasi
425 1145 528 1208 legitime
541 1159 611 1208 opere
623 1145 737 1203 trucuvit,

69 1216 97 1254 ut
111 1207 258 1272 egrederetur
272 1224 286 1255 a
299 1208 415 1271 proposito
429 1209 526 1256 ornandi
539 1208 616 1267 causi,
628 1217 655 1255 ut
665 1208 740 1254 delec-

68 1280 129 1320 taret
139 1271 237 1333 annuos,
249 1281 276 1320 ut
285 1281 435 1336 permoveret,
445 1281 474 1320 ιιι
484 1281 578 1335 augeret
588 1287 645 1331 rem,
656 1278 685 1318 ut
693 1271 739 1316 mi-

68 1337 230 1396 serationibus,
250 1347 277 1384 ut
293 1337 456 1384 communibus
473 1337 537 1395 locis,
557 1343 665 1383 uteretur.
693 1333 739 1382 Sed

67 1401 146 1448 nescio
155 1401 271 1464 quomodo
281 1401 360 1463 hujus,
369 1417 439 1465 quem
447 1409 535 1448 constat
543 1398 673 1463 eloquentiis
680 1413 740 1460 prae-

67 1465 162 1522 stitisse,
174 1465 278 1512 exiliores
289 1465 401 1516 oradones
412 1472 474 1525 sunt,
490 1473 513 1512 et
526 1464 651 1511 redolentes
665 1462 740 1524 magis

66 1529 242 1592 antiquitatem,
261 1545 334 1594 quam
353 1538 394 1576 aut
412 1529 481 1576 Laelii
499 1537 540 1575 aut
559 1527 679 1591 Scipionis,
699 1537 741 1573 aut

65 1593 140 1640 ctiam
150 1593 224 1656 ipsiu
234 1594 343 1642 Catonis:
355 1594 433 1656 itaque
444 1600 592 1653 exemerunt,
604 1591 644 1638 vix
652 1593 702 1652 jum
712 1599 740 1638 ut

64 1673 97 1722 'P
156 1721 229 1784 ipdru
241 1722 309 1769 laelii
319 1730 342 1770 et
353 1721 465 1784 Scipionis
479 1720 581 1783 ingenio,
597 1735 740 1784 quamquam

64 1801 95 1836 a
100 1787 155 1847 jam
166 1795 200 1833 est
210 1787 296 1849 opinio,
308 1794 335 1834 ut
345 1786 473 1850 plurimum
484 1785 599 1832 tribuatur
609 1787 721 1832 ambobus
730 1799 738 1839 ς

64 1849 163 1898 dicendi
173 1857 251 1898 tumen
259 1851 310 1898 laus
321 1851 389 1898 estin
400 1849 475 1896 Laelio
484 1848 600 1896 illustrior.
622 1849 659 1896 At
669 1847 741 1895 oratio

66 1914 142 1963 Latii
161 1914 190 1962 de
209 1915 318 1976 collegiis,
338 1929 385 1962 non
403 1913 494 1972 melior,
514 1927 593 1994 quam,
613 1913 642 1960 de
660 1911 742 1958 multis

64 1979 217 2092 ituit?
218 1978 351 2106 oilli
358 1993 393 2089 {12¹
393 1976 531 2104 iiiii?
521 1973 743 2103 ..wigii

66 2109 134 2164 tius3
153 2107 194 2154 sed
205 2077 286 2154 ’multo
303 2115 381 2154 tumen
398 2105 508 2153 vetustior
524 2113 547 2152 et
563 2104 676 2151 horridior
693 2102 742 2160 ille,

65 2187 146 2238 quam
157 2172 249 2235 Scipio:
267 2179 298 2230 et,
310 2185 364 2219 cum
375 2171 421 2217 sitit
434 2169 459 2216 in
474 2168 570 2216 dicendo
580 2168 649 2214 variae
659 2167 743 2213 volun-

63 2246 140 2296 -tates,
152 2236 260 2284 delectari
269 2235 328 2282 mihi
338 2235 413 2298 magis
421 2233 557 2296 antiquitate
563 2232 662 2289 videtur,
674 2238 697 2278 et
706 2230 744 2276 lu-

66 2305 155 2351 beuter
165 2301 241 2348 verbis
253 2300 323 2347 etiam
337 2299 372 2346 uti
386 2297 457 2362 paulo
471 2296 547 2359 magis
559 2296 638 2358 priscis
649 2295 744 2341 Laelius.

66 2365 119 2416 Sed
135 2372 171 2412 est
180 2379 231 2412 mos
242 2364 373 2424 hominum,
385 2371 412 2409 ut
426 2361 501 2408 nolint
515 2361 624 2408 eumdem
638 2358 744 2422 pluribus

66 2434 143 2480 rebus
151 2429 270 2476 excellere.
295 2428 369 2488 Nam,
381 2435 408 2474 ut
419 2441 448 2473 ex
459 2424 541 2473 bellici
551 2424 620 2472 laude
630 2423 747 2486 adspirare

66 2497 100 2544 ad
118 2493 261 2542 Africanum
275 2507 344 2540 nemo
358 2497 441 2556 potest,
457 2489 483 2536 in
498 2490 546 2552 qui
562 2489 613 2552 ipsi
628 2487 746 2550 egregium

66 2559 189 2608 Viriatico
198 2559 260 2607 bello
270 2556 396 2620 reperimus
404 2554 475 2602 fuisse
483 2553 600 2608 laelium
611 2551 643 2599 sic
650 2550 747 2613 ingenii,

65 2626 203 2685 limarum,
216 2621 362 2687 eloquentie,
376 2617 497 2682 sapientiae
509 2616 618 2680 denique,
633 2615 676 2664 etsi
690 2613 750 2661 utri·
