1800 2892
109 139 112 145 “
145 101 196 188 ἰιι
227 137 275 188 nu
291 122 471 203 omioni,
489 141 549 189 nm.
562 137 598 188 11.
615 137 679 188 ors.
691 99 731 186 so.

145 282 225 316 eorum
239 269 356 334 periculis,
372 270 432 318 nihil
446 285 552 334 unquam
566 285 608 332 pro
622 267 719 330 meipso,
735 263 818 327 depre-

145 340 231 380 catum.
259 333 306 394 Sic,
321 335 347 382 in
363 335 487 383 insomni
504 334 633 382 defensione
650 340 720 395 etque
737 329 817 387 cousi,

147 397 211 458 quod
230 413 277 445 esse
295 399 321 445 in
339 409 387 447 arte
405 399 506 462 positum
525 398 653 455 videbatur,
673 404 700 442 ut
719 394 749 441 de
765 393 818 455 lege

147 461 251 524 Apuleii
259 462 366 523 dicerem,
375 472 410 523 ut,
419 463 476 527 quid
488 471 544 510 esset
552 461 656 508 minuere
663 461 817 519 majestatem,

147 525 294 588 explicarem,
312 543 424 591 perquem
441 527 540 575 breviter
556 524 678 589 perstrinxi
695 531 767 585 etque
784 529 819 568 et·

147 588 197 651 tigi.
222 590 268 638 His
278 592 367 638 duabus
382 593 486 656 pertibus
501 589 616 648 orationis,
632 603 732 652 quarum
748 587 821 633 altere

148 654 322 702 concitationem
336 655 414 715 hebet,
431 656 503 706 ultera
517 652 748 710 commendationem,
766 665 820 713 quae

121 818 125 824 ,
149 717 821 844 trimestriummense

149 845 391 908 mocissenorum,
408 856 431 896 et
445 849 471 895 in
487 847 545 894 meis
563 845 665 893 moribus
685 859 740 906 erga
756 857 821 890 meos

149 911 284 958 necessarios
292 911 432 959 declarandis
442 911 648 969 mansuetissimus,
661 908 758 956 viderer.
782 907 822 954 Ite

149 974 224 1035 magis
242 975 328 1022 ull'ectis
347 977 430 1024 animis
445 975 561 1037 judicum,
581 989 652 1037 quam
671 972 754 1034 doctis,
770 980 821 1032 tuo,

150 1038 246 1100 Sulpici,
258 1047 292 1086 est
302 1055 317 1085 a
327 1041 393 1088 nobis
403 1049 455 1088 tum
466 1040 578 1088 accusatio
589 1039 655 1086 victe.

182 1102 212 1148 L.
230 1103 279 1151 Hic
287 1104 411 1167 Sulpicius,
422 1105 493 1164 Vere,
504 1103 605 1162 hercule,
614 1100 701 1165 inquit,
717 1099 820 1160 Antoni,

149 1165 193 1213 istu
204 1183 383 1216 commemores:
395 1184 451 1216 nem
460 1184 501 1232 Qo
509 1168 569 1215 nihil
576 1182 681 1230 unquam
690 1165 748 1224 vidi,
757 1163 822 1227 quod

150 1238 200 1278 tom
210 1247 223 1279 e
233 1233 340 1280 memhus
349 1233 483 1292 elaberetur,
495 1248 566 1296 quam
574 1231 632 1277 mihi
640 1239 691 1276 tum
701 1237 735 1276 est
744 1229 823 1290 elupse

149 1295 192 1342 itu
201 1311 277 1344 ceusu.
304 1297 367 1344 Cum
381 1297 444 1344 enim
459 1295 666 1359 (quemadmodum
674 1293 767 1351 dixisti)
778 1292 822 1339 tibi

150 1375 193 1422 ego
204 1376 251 1408 non
256 1360 379 1422 Judicium,
388 1361 428 1408 sed
435 1361 577 1420 incendium,
586 1357 729 1406 tradidissem
737 1372 745 1413 ς
757 1357 822 1419 quod

144 1432 220 1473 ,tuum
230 1425 378 1500 principium,
389 1425 432 1472 Dii
441 1425 590 1484 immortales,
601 1422 661 1470 fuit!
677 1421 719 1485 qui
732 1421 803 1468 timor
812 1421 819 1467 l

150 1503 204 1552 quae
213 1489 341 1537 dubitatio!
360 1498 447 1558 quante
459 1489 580 1548 haeeitetio,
596 1495 728 1550 tractusque
739 1487 822 1532 verbo-

150 1553 220 1600 rum!
238 1553 273 1601 Ut
287 1553 347 1602 illud
361 1554 434 1614 initio,
446 1553 510 1617 quod
521 1553 563 1600 tibi
574 1567 648 1598 unum
659 1551 690 1598 ad
699 1551 822 1612 ignoscen-

150 1616 209 1662 dum
223 1617 328 1665 homines
343 1618 436 1678 dubunt,
452 1617 561 1674 tenuisti;
578 1624 601 1663 te
610 1631 653 1678 pro
663 1615 760 1661 homine
770 1629 824 1676 per-

151 1682 283 1742 necessario,
295 1691 407 1745 questore
416 1691 466 1742 tuo,
478 1682 566 1739 dicere3
579 1695 650 1743 quam
661 1677 705 1726 tibi
715 1679 822 1742 primum

151 1745 249 1792 munisti
263 1746 293 1792 ad
307 1755 330 1794 te
346 1746 486 1794 audiendum
500 1745 577 1793 viem!
594 1743 655 1792 Ecce
666 1752 755 1802 cutem,
766 1757 823 1789 cum

151 1817 174 1856 te
189 1809 249 1856 nihil
263 1811 327 1857 aliud
340 1811 461 1874 profecisse
475 1811 603 1870 arbitrarer,
618 1807 663 1854 uisi
677 1815 705 1855 ut
715 1807 823 1854 homines

150 1873 201 1933 tibi,
211 1873 284 1921 civem
292 1875 426 1938 improbum
432 1874 571 1934 defendenti,
578 1871 744 1936 ignoscendum
752 1887 823 1934 prop-

151 1946 186 1985 ter
193 1939 382 1987 necessimdinem
392 1939 571 1994 arbitrarentur,
584 1951 673 1999 serpere
681 1936 770 1984 occulte
779 1950 824 1982 cce-

151 2002 214 2066 pisti,
226 2003 342 2050 nihildum
352 2003 403 2051 eliis
413 2003 588 2067 mspicantibus,
600 2016 638 2048 me
649 2016 702 2048 vero
708 2001 759 2061 jem
769 2015 824 2062 per-

151 2067 292 2128 timescente,
307 2076 334 2114 ut
348 2068 422 2128 illem,
438 2083 486 2115 non
501 2065 606 2114 Norbani
620 2064 765 2122 seditionem,
784 2063 824 2110 sed

151 2132 233 2198 populi
250 2132 351 2179 Romani
367 2132 519 2190 iracundiam,
537 2145 613 2194 neque
630 2145 682 2176 eam
699 2129 822 2189 injustam,

152 2195 192 2243 sed
202 2197 309 2243 meritam
319 2212 346 2243 cc
356 2195 466 2256 debitam,
482 2195 551 2246 fuisse
562 2193 701 2241 defenderes.
730 2191 824 2239 Deinde

152 2260 194 2321 qui
204 2261 267 2306 locus
278 2262 318 2307 ebs
333 2269 356 2307 te
369 2260 535 2323 praetermissus
546 2259 613 2306 estin
625 2257 779 2320 Caepionem?
797 2264 825 2303 ut

152 2329 179 2368 tu
194 2323 235 2369 illo
245 2323 323 2370 omnio
337 2324 398 2383 odio,
412 2324 508 2382 invidiis,
524 2321 679 2370 misericordiis
693 2319 823 2368 miscuisti!

153 2385 238 2448 Neque
246 2387 295 2433 haec
303 2387 378 2434 solum
386 2389 410 2435 in
419 2387 557 2447 defensione,
567 2386 607 2433 sed
615 2386 685 2432 etiem
693 2385 718 2430 in
727 2387 824 2444 Scauro,

153 2450 284 2560 crateenmqpe
302 2451 482 2562 mffleisadtestibqs,
501 2465 602 2526 quorum
620 2449 759 2560 testimplqie,
770 2463 832 2558 ιζιίξίιιι

151 2528 247 2634 gronii,1
261 2529 373 2624 iduma
394 2524 631 2636 edumaeedmmdesmti
638 2529 708 2624 uilio
724 2527 826 2639 cohme,-

153 2643 306 2700 morarentur,
322 2641 429 2704 equidem
443 2643 509 2691 nulle
523 2651 637 2706 praeoepte
652 2641 826 2690 desiderabunt
