1800 2892
117 84 167 134 DE
178 86 304 141 CLARIS
315 87 632 150 &montuosum
644 90 684 136 55.
701 88 749 142 ⁴02

75 215 188 275 terpiton,
205 217 263 280 quid
274 217 397 266 tractandis
407 217 444 266 his
454 217 558 281 perfidrt
565 226 648 266 orator.
665 217 750 280 Itaque

74 280 209 342 intelligens
223 281 314 329 dicendi
331 282 482 341 existiman,
499 297 547 330 non
563 283 664 330 assidens
678 290 701 330 et
715 289 751 328 et

75 353 142 392 tente
159 344 263 405 audiens,
279 346 319 408 sed
332 361 380 394 uno
395 347 513 410 adspectu,
528 354 551 394 et
565 347 704 410 preteriens,
720 345 749 393 dc

76 416 169 456 oratore
180 425 241 472 sepe
249 411 344 471 judicet.
370 411 441 458 Videt
451 412 585 459 oscitantem
593 411 704 472 judicem,
715 411 750 458 lo-

77 482 192 537 quentem
207 490 261 521 cum
275 475 355 534 altero,
370 490 538 539 nonnunquam
553 476 623 522 etiam
639 475 750 522 cirudan-

77 547 137 596 tem‚
154 537 284 586 mittentem
295 539 411 598 odhones,
427 540 581 602 quesitorem,
596 548 624 586 ut
638 539 749 596 dimittat,

78 609 217 663 nogentem
234 602 351 666 intelligit,
367 611 480 650 oratorem
490 604 515 650 in
525 605 553 651 ed
565 604 634 651 oeusd
647 617 695 650 non
709 601 751 649 ad·

78 680 138 734 esse,
148 667 190 728 qui
197 666 268 729 possit
278 667 361 714 animis
369 667 476 728 judicum
486 667 608 716 admovere
615 667 750 725 orationem,

78 737 202 792 tamquam
219 731 304 778 fidibus
320 746 424 778 menum.
446 731 514 778 Iden
529 733 548 779 si
564 732 694 794 preteriens
708 729 750 777 ad-

78 795 182 856 spexerit
193 803 277 843 erectos
284 795 399 843 intuentes
405 796 503 856 judices,
511 805 539 844 nt
546 805 587 843 eut
594 795 669 844 doceri
677 795 706 842 de
716 809 749 853 re,

77 857 153 920 idque
163 859 233 906 etiam
243 859 310 907 vultu
321 861 426 922 probare,
437 859 572 907 videantur:
584 869 633 920 eut,
645 868 672 907 ut
682 874 750 906 ovem

77 929 151 968 centu
160 922 246 986 aliquo,
259 923 291 971 sic
301 923 354 998 illos
364 923 445 971 viderit
456 924 564 983 credone,
575 925 642 988 quasi
655 939 751 998 suspen·

77 994 240 1111 tutus,
249 987 750 1116 fflssffldsslffifflffl

76 1113 225 1172 hementius;
243 1131 271 1163 ee
281 1115 300 1163 si
314 1116 444 1178 preteriens
455 1120 493 1169 (ut
506 1117 565 1175 dixi)
580 1117 717 1180 adspexerit,
729 1116 749 1163 si

75 1177 139 1224 nihil
149 1179 256 1238 audierit,
265 1187 343 1228 tamen
354 1189 466 1228 oratorem
477 1181 561 1228 rusori
568 1181 593 1227 in
603 1181 644 1228 illo
652 1180 748 1240 judicio,

75 1249 101 1288 et
111 1257 171 1305 opus
179 1243 304 1291 oratorium
315 1243 373 1304 fieri,
384 1253 425 1292 eut
434 1245 562 1307 perfectum
570 1246 621 1305 jam
631 1259 687 1304 esse,
695 1259 749 1306 pro·

75 1305 139 1354 fecto
149 1306 268 1370 intelliget.

111 1370 167 1418 LV.
179 1371 241 1418 Cum
252 1372 301 1419 haec
309 1371 472 1431 disseruissem‚
481 1380 578 1435 uterque
585 1387 689 1420 assensus
697 1378 747 1427 est3

76 1441 102 1481 et
113 1449 165 1496 ego,
176 1443 297 1498 tamquam
307 1435 337 1483 de
346 1437 435 1498 integro
445 1436 544 1494 ordiens,
556 1436 658 1494 Quando
668 1435 747 1497 igitur,

75 1499 186 1562 inquom,
198 1515 212 1546 e
223 1499 292 1546 Cotti
303 1508 325 1546 et
336 1499 438 1562 Sulpicio
449 1501 499 1548 herc
509 1501 584 1548 omnis
591 1500 660 1547 fluxit
667 1499 748 1558 oratio,

76 1577 134 1610 cum
144 1563 188 1610 hos
198 1564 301 1610 maxime
309 1564 396 1624 judicio
404 1564 498 1612 illorum
508 1564 639 1624 hominum,
651 1571 674 1611 et
684 1562 748 1610 illius

76 1626 162 1686 entis,
170 1627 280 1675 dixissem
288 1630 403 1690 probatos,
412 1637 511 1676 revertar
521 1629 552 1675 ad
562 1643 600 1676 eos
609 1629 684 1692 ipsos:
697 1636 749 1675 tum

75 1691 187 1753 reliquos,
199 1699 226 1740 ut
240 1691 337 1750 institui,
351 1691 457 1755 deinceps
471 1707 601 1755 persequer.
629 1693 748 1751 Quoniam
812 1737 815 1740 .

76 1769 134 1816 ergo
148 1763 266 1802 oratorum
280 1757 393 1803 bonorum
408 1756 461 1809 (hos
475 1757 536 1803 enim
552 1757 687 1820 querimus)
702 1757 750 1804 duo

76 1833 164 1882 genera
172 1827 235 1879 sunt,
243 1834 319 1868 unum
327 1827 443 1866 attenuate
450 1835 579 1884 prcsoeque,
588 1823 687 1869 alterum
695 1822 750 1868 sub-

76 1883 127 1931 late
142 1883 266 1946 ampleque
281 1883 421 1940 dicentium
438 1884 482 1931 etsi
495 1884 520 1931 id
533 1886 617 1933 melius
627 1894 669 1946 cst,
686 1883 750 1948 quod

77 1946 223 2011 splendidius
233 1947 454 2010 ctmagnifirentius,
465 1956 542 1996 temen
553 1949 579 1996 in
589 1950 655 1997 bonis
663 1949 750 2008 omnis,

76 2027 134 2075 quer
144 2025 238 2058 summa
248 2020 310 2070 suut,
320 2013 374 2086 June
382 2011 514 2059 leudunum
539 2013 586 2060 Sed
601 2012 702 2060 cavenda
716 2020 751 2059 est

75 2075 752 2203 ffidhffifflddffifflldeii

75 2203 152 2266 igitur
162 2211 229 2252 acute
237 2203 323 2258 Cottas
335 2203 424 2251 diceban
434 2219 493 2266 pure
502 2220 529 2252 ae
540 2205 629 2261 solute3
641 2214 673 2264 et,
683 2212 711 2251 ut
721 2203 752 2250 nd

73 2268 239 2342 infirmitatem
253 2268 353 2344 lutepum
367 2269 504 2344 perscienter
518 2269 688 2344 contentionern
702 2283 753 2342 om:

73 2459 124 2508 nisi
132 2460 258 2519 sincerum,
269 2459 328 2507 nihil
337 2458 381 2506 nisi
389 2460 484 2520 siccum,
495 2468 565 2534 etque
573 2475 671 2508 senumr
683 2458 754 2506 illud-

73 2539 125 2588 que
136 2524 279 2581 maximum,
291 2522 362 2587 quod,
371 2539 426 2573 cum
434 2531 579 2572 contentione
586 2524 694 2571 emtionis
701 2523 755 2570 flec-

74 2597 128 2648 tere
143 2588 234 2636 ennnos
247 2587 354 2648 judicum
370 2587 409 2635 vix
424 2595 508 2650 posset,
519 2601 562 2634 nec
572 2586 668 2635 mnnino
677 2602 705 2635 eo
712 2601 755 2648 ge-
