1800 2892
132 82 180 134 258
212 83 259 133 ΒΕ
281 79 460 145 ORATORE,
477 85 537 133 hia.
550 83 585 134 11.
602 85 716 134 crud&

173 200 257 259 LXH.
269 211 348 271 Quare
358 213 461 276 primum
470 227 544 276 genus
554 213 606 273 hoe,
618 213 679 277 quod
687 213 763 260 risum
772 213 813 262 vel

140 276 244 323 maxime
253 285 338 337 movet,
347 292 394 324 non
404 285 438 324 est
448 285 568 334 nostrum3
577 293 700 338 morosum,
714 275 815 340 [super-

142 339 278 404 stitiomm]
286 339 443 404 suspiciosum,
450 341 585 404 gloriosum,
594 343 696 388 stultum.
708 341 816 389 Naturae

143 403 246 450 ridentur
261 403 333 467 ipse3
350 420 406 467 quas
420 417 527 468 personas
541 405 627 468 agitare
641 406 749 465 solemus,
761 421 815 453 non

144 467 261 514 sustinere.
285 468 395 515 Alterum
408 483 481 531 genus
497 476 531 516 est
545 469 671 516 imitatione
681 469 816 516 admodum

143 532 276 590 ridiculum,
288 531 327 578 sed
337 531 403 578 nobis
413 540 504 578 tantum
514 529 567 580 lieet
575 532 663 592 furtim,
674 532 693 580 si
704 533 816 594 quando,

145 596 275 651 etcursim3
287 595 690 643 aliterenimminimeestliberaie:
703 596 817 658 tertium,

145 661 191 708 oris
201 659 340 723 depravatio,
352 673 398 706 non
408 658 479 720 digna
494 659 574 707 nobisz
592 669 708 722 quartum,
724 661 819 708 obsooe-

145 725 214 782 nitas,
229 738 276 770 non
290 724 365 770 solum
380 737 426 770 non
440 723 490 770 foro
504 722 582 786 digna,
598 721 637 770 sed
652 723 690 770 vix
705 724 819 772 oonvivio

145 788 277 836 liberorum.
294 785 408 834 Detractis
417 787 489 849 igitur
498 794 533 834 tot
542 788 610 834 rebus
621 801 649 834 ex
659 787 702 833 hoc
713 788 820 836 oratorio

146 852 205 909 loeo,
223 849 309 897 iaoetioe
357 851 362 861 '
379 866 417 897 use
430 858 493 912 sunt,
509 866 562 914 qua
577 849 656 897 autin
670 865 694 897 re
705 853 744 903 (ut
758 861 820 899 ante

147 913 224 972 divisi)
243 913 322 976 positae
340 913 363 961 vi
379 923 446 961 mtur
465 929 521 976 esse,
540 923 581 961 aut
599 914 624 961 in
642 915 719 961 verbo.
746 913 820 962 Nam

148 977 219 1040 quod,
230 977 414 1040 qussrussumque
427 978 502 1025 verbis
516 977 608 1038 dixeris,
619 977 719 1024 facetum
734 985 821 1026 tamen

148 1047 191 1099 est,
202 1055 227 1086 re
237 1040 379 1087 continetur:
397 1040 460 1104 quod
470 1039 563 1088 mutatis
573 1041 647 1090 verbis
657 1041 730 1089 salem
744 1042 822 1090 amia·

147 1103 185 1163 tit,
196 1102 221 1150 in
232 1103 306 1151 verbis
315 1103 385 1152 habet
394 1106 496 1167 leporem
507 1119 606 1152 onmem.

180 1166 301 1229 Ambigua
311 1177 365 1214 sunt
374 1167 399 1214 in
409 1167 490 1234 primis
498 1177 572 1228 acuta,
584 1177 652 1233 atque
659 1167 684 1215 in
692 1170 763 1217 vmbo
775 1185 823 1232 po·

149 1231 201 1291 sita,
216 1246 263 1278 non
277 1231 302 1277 in
316 1246 356 1280 ret
372 1231 412 1278 sed
426 1246 473 1278 non
486 1232 822 1294 saepemagnumrisummo-

149 1303 219 1344 vent:
236 1295 310 1358 magis
323 1295 619 1344 utbelleetliteratedieta
632 1295 773 1342 laudantur:
794 1307 825 1345 ut

150 1360 177 1408 in
184 1360 252 1406 illum
259 1358 359 1418 Titium,
370 1373 448 1424 quem,
458 1374 511 1406 eum
519 1359 617 1407 studiose
626 1359 675 1422 pilia
683 1359 785 1418 luderet,
799 1369 825 1408 et

151 1423 215 1471 idem
226 1422 440 1486 sigmsaeranootu
450 1422 554 1486 frangere
564 1431 690 1487 putaretur,
701 1424 824 1488 gregales-

151 1503 206 1552 que,
221 1502 275 1535 eum
289 1487 314 1534 in
324 1500 431 1549 eampum
442 1501 489 1535 non
500 1487 604 1546 venisset,
615 1487 764 1550 requirerent,
778 1503 824 1535 ex.

151 1551 238 1599 meavit
248 1551 327 1614 Vespa
336 1549 465 1610 Terentius,
492 1550 539 1598 uod
549 1566 603 1598 eum
614 1551 761 1599 “brachium
773 1551 825 1600 fre·

151 1614 231 1728 aaz
237 1614 373 1694 dicmetzqut
382 1613 441 1664 illud
499 1614 564 1676 'earm
576 1613 638 1680 quod
649 1623 683 1662 est
692 1614 755 1678 apud
767 1615 825 1662 Lu·

186 1764 296 1826 “Quid?
311 1766 405 1827 Dasius,
420 1767 540 1818 Numiam
553 1783 584 1816 an
598 1766 715 1816 confixum
732 1766 770 1815 via
787 1767 828 1816 fa-
854 1801 857 1806 -

262 1831 467 1910 'sueiinquit’'
552 1863 555 1870 ⁴

152 1937 188 1985 Ut
197 1945 251 1984 taus
262 1937 357 1998 amictu,
368 1939 457 1997 Graue,
466 1937 575 1998 Granius,
587 1939 605 1968 “
613 1953 660 1986 non
668 1953 716 1986 esse
726 1945 827 1985 sextan-

152 2001 207 2048 tis.”
230 2000 271 2059 Et,
286 2002 311 2076 si·
320 2002 429 2067 quaeritis,
443 2003 471 2061 is,
486 2003 528 2066 qui
541 2002 670 2076 appellatur
682 2000 757 2074 dicat,
777 2001 828 2050 hoc

149 2065 703 2193 emmeramensi
711 2065 826 2202 titt

151 2198 180 2236 ut
194 2197 247 2237 ante
261 2189 318 2250 dixi,
334 2191 370 2238 vel
384 2191 500 2239 maxime:
518 2191 629 2256 ingeniosi
643 2192 705 2240 enim
719 2191 827 2252 sidetem,

151 2252 200 2299 vim
214 2253 277 2300 verbi
287 2253 312 2300 in
322 2252 393 2311 aliud,
404 2263 474 2320 atque
484 2255 558 2302 ceteri
568 2255 688 2320 aecipimt,
698 2270 765 2320 posse
777 2255 829 2303 du·

150 2327 215 2362 seret
233 2315 272 2363 sed
286 2315 459 2364 admirationem
478 2333 502 2364 m
533 2319 539 2331 ‘
566 2320 827 2383 quarurisummovet,

150 2375 225 2424 nisisi
251 2379 493 2428 uandoindditinali
535 2383 716 2446 genusridiculi.

161 2499 167 2510 ·
246 2441 830 2512 ILQuagenerapercurramaquidemrsedsd-

149 2504 831 2576 “mantissimumridimligenmumaliudexspee-

149 2571 234 2623 umus,
246 2566 310 2614 ahud
320 2568 410 2620 dietam
428 2571 478 2619 Hie
487 2573 603 2623 nobismet
613 2575 669 2639 ipsis
677 2582 834 2630 nostum
