1800 2892
147 139 195 192 DE
212 95 449 201 invitumque,
467 138 527 189 Lm.
538 139 558 190 1.
575 136 688 191 (lardi.
721 132 755 191 28

87 265 153 320 verta
164 285 244 336 neque
253 271 367 320 extranda
377 269 632 331 ornamentimnimua
643 271 753 321 auditoria

84 336 189 384 tenendus
201 345 244 384 eat
267 335 391 383 Absolutio
404 343 446 396 teat,
462 350 505 398 per
520 351 591 398 quam
601 336 687 396 omnia,
698 353 753 400 quaa

81 399 181 448 incidunt
191 401 219 447 in
229 415 332 460 causam,
343 414 435 462 genera,
444 399 474 446 de
484 399 568 463 quibua
577 399 701 448 dicendum
709 411 751 461 eet,

80 465 255 528 auplectimurt
273 465 298 511 in
315 465 363 528 qui
379 462 502 528 partitione
517 463 642 512 videndum
663 473 705 524 eet,
721 480 752 512 ne

79 539 118 576 aut
130 528 228 592 aliquod
242 543 316 592 genua
329 528 386 575 utile
400 527 551 591 relinquatur,
569 537 610 575 aut
623 543 673 576 aero
686 537 752 576 extra

78 593 234 655 partitionem,
252 593 278 640 id
289 593 351 656 quod
364 591 536 640 vitionssimum
550 607 577 640 ae
591 594 749 655 mrpiaeimum

78 665 117 716 eat,
128 656 252 706 inferenti.
270 657 376 704 Pauoitae
389 657 413 703 in
423 656 546 720 partitione
555 665 666 716 manu,
678 658 698 704 ai
709 673 750 720 ge·

78 735 129 768 nera
136 721 188 784 ipsa
196 735 278 768 rerum
288 727 414 784 ponuntur,
427 735 502 783 neque
513 721 628 782 permixte
635 729 689 767 cum
697 737 750 783 par·

76 785 135 832 tilius
142 785 302 848 implicantur.
320 786 384 831 Nam
392 799 465 848 genua
475 792 517 842 est,
530 784 593 848 quod
604 785 682 847 plurea
697 801 750 848 par-

76 858 109 897 tea
118 850 276 913 amplectimr,
284 857 312 896 ut
322 849 415 896 animal.
434 849 491 895 Pars
502 856 543 907 eet,
555 864 608 912 quae
619 851 696 896 rubeat
706 863 747 912 ge·

77 913 264 978 neri,utequua.
287 911 544 976 Scdsaepeeademtee
559 913 690 974 aliigenua,
707 913 748 959 alii

74 985 182 1090 pgr&
202 978 270 1052 llam
284 976 363 1088 lqlqmo,
380 977 486 1024 animalia
503 991 556 1039 para
573 985 623 1034 αις
640 976 748 1026 'I'hebani

105 1056 290 1154 XXIJquaprp
299 1105 351 1152 ideo
359 1102 491 1166 diligentius
501 1103 618 1152 inducitur
627 1105 746 1168 praecrip-

74 1169 113 1230 tio,
124 1179 161 1230 ut,
172 1177 253 1233 aperte
265 1169 380 1216 intellecti
391 1169 492 1230 generali
501 1169 632 1231 partitione,
644 1170 747 1233 paucitate

73 1249 184 1297 generum
202 1233 230 1280 in
245 1233 366 1296 partitione
382 1232 466 1280 servari
479 1233 557 1308 poenit.
581 1233 646 1280 Nam
677 1234 746 1281 uiita

72 1299 179 1360 partitur,
189 1297 328 1357 Ostendam,
339 1305 431 1360 propter
439 1297 588 1360 cupiditatem
596 1305 618 1344 et
626 1250 746 1344 audatiam

73 1373 96 1410 et
113 1362 239 1410 avaritiam
257 1361 446 1422 adversariorum,
463 1361 542 1408 omnia
555 1361 701 1408 incommoda
718 1360 748 1406 ad

72 1423 243 1490 rempublicam
255 1427 398 1488 pervenisse3
415 1426 434 1472 ia
445 1439 493 1472 non
503 1425 624 1483 intellexit,
635 1425 660 1470 in
674 1424 746 1487 parti-

72 1489 141 1551 tione,
154 1490 260 1554 exposito
267 1505 357 1564 genere,
366 1488 744 1552 parternaegeneriaadmiacuiase.

11 1577 12 1586 ¹
72 1554 136 1602 Nam
147 1570 224 1618 genua
236 1562 278 1613 est,
290 1567 395 1600 omnium
409 1554 521 1600 nimirum
535 1553 667 1614 libidinum,
679 1553 744 1616 eupi-

69 1618 143 1694 ditast
162 1620 214 1680 eiua
231 1626 310 1680 autem
324 1617 412 1681 generis
428 1619 477 1665 nine
492 1617 564 1665 dubio
577 1633 631 1682 pare
639 1626 673 1665 eet
687 1633 742 1665 ava·

71 1693 157 1796 ¹¹¹t¹iidoc
174 1747 180 1760 '
198 1746 246 1794 ‘tur
256 1745 376 1794 vitandum
386 1755 428 1808 at,
443 1760 482 1806 ne,
499 1745 565 1806 cujus
575 1759 648 1808 genua
661 1760 746 1821 posue-

70 1811 108 1872 nia,
120 1813 172 1873 eius
198 1813 289 1874 secum]
298 1811 408 1875 aliquam,
421 1811 479 1859 deut
486 1811 599 1857 diversam
606 1826 634 1858 ae
644 1811 742 1857 draeimi-

70 1875 116 1923 lem
133 1884 237 1940 partem,
255 1890 327 1938 ponas
343 1877 368 1922 in
385 1875 465 1922 eidem
485 1875 613 1938 partitione.
636 1874 707 1932 Quod
723 1875 742 1920 ai

69 1941 133 2004 qnod
149 1941 176 1987 in
188 1955 263 2002 genua
270 1937 348 2003 plures
355 1939 456 1987 incident
465 1947 550 2002 partes,
561 1938 586 1985 id
593 1953 647 1986 cum
657 1939 682 1985 in
692 1938 745 2001 pri-⁸

68 2005 107 2052 mi
118 2004 246 2068 partitione
257 2019 331 2052 aarum
343 2004 385 2051 erit
397 2003 530 2066 simpliciter
545 2003 682 2065 expositum,
693 2001 741 2049 dia·

68 2069 184 2117 tribuetm
195 2083 223 2118 eo
235 2076 338 2130 tempore
351 2067 542 2125 commodinnne,
557 2081 611 2113 cum
622 2067 652 2113 ad
662 2067 739 2130 ipeum

66 2143 165 2181 ventum
176 2133 221 2180 erit
231 2132 393 2194 explicandum
405 2132 430 2178 in
438 2147 513 2178 caum
520 2130 618 2178 dictione
625 2139 677 2194 poet
686 2145 741 2194 par·

66 2197 182 2246 titionem.
205 2196 288 2260 Atque
301 2196 360 2242 illud
375 2211 468 2259 quoque
481 2195 580 2257 pertinet
592 2194 623 2241 ad
637 2194 741 2256 paucita-

63 2270 122 2320 tem,
141 2277 174 2308 ne
187 2269 229 2308 aut
255 2261 315 2320 lura,
347 2276 402 2307 uam
420 2261 475 2306 satis
489 2267 531 2316 eat,
548 2258 742 2304 demonstraturos

66 2339 106 2373 aaa
112 2325 231 2401 dicamus,
237 2277 282 2372 doc
289 2277 358 2399 modo
364 2342 373 2370 t
379 2323 517 2383 Ostendam,
523 2321 670 2396 advnearioa,
679 2317 742 2408 quod

64 2397 349 2503 munitm
355 2381 742 2505 teum

63 2519 157 2579 partitio
173 2517 242 2565 nulla
256 2515 292 2576 ait,
310 2524 333 2564 et
346 2531 400 2563 cum
411 2513 524 2578 quiddam
539 2509 638 2570 simplex
651 2513 742 2566 ΨΜ,

63 2592 141 2632 tamen
150 2590 251 2632 utamur
260 2580 436 2634 distributione3
454 2577 479 2625 id
491 2573 554 2637 quod
567 2583 662 2642 pertarit⁸
670 2575 744 2629 potat

61 2648 173 2702 accidere.
192 2639 744 2708 Aenntanquoquepraeeeptapamwnum

795 2757 894 2860 ὢ
