1800 2892
154 94 203 142 sse
217 92 265 143 nu
277 92 405 143 cmms
415 88 653 151 onerosusus
664 88 731 139 ors.
742 90 782 142 ιο.
805 52 807 63 ¹

150 196 194 279 uis,
205 221 357 270 umbraculis.
380 220 531 283 Hie-primus
546 218 638 267 inflexit
651 218 797 277 orationem,
809 227 835 267 et

150 300 201 332 eam
215 286 314 333 mollem
327 294 475 347 tenuemque
488 283 605 340 reddidit3
622 290 646 331 et
661 282 740 331 atavis
758 283 842 335 (sism-

149 349 204 406 fuit)
215 348 290 396 videri
300 350 393 409 malint,
409 364 482 412 quam
496 348 588 410 gravisg
604 347 645 394 sed
659 346 777 395 maviate
793 348 842 407 eiu.

149 413 198 475 qui
206 412 357 475 perfimderet
366 413 465 473 animos,
475 427 522 459 non
530 412 578 475 quis
588 410 740 474 perfringeret
749 428 758 457 ι
777 420 835 459 tsn-

150 486 202 524 tum
212 484 240 523 ut
249 478 388 525 memoriam
398 476 556 524 mneiunitstis
567 492 623 533 sua,
635 490 683 521 non
701 476 834 538 (mamad.

150 540 284 589 modumde
291 542 379 589 Pericle
384 540 474 604 scripsit
479 540 597 603 Eupolis),
604 539 832 599 eumdeleetatioue,

151 604 241 653 seuleus
251 606 322 653 &nm
332 606 471 668 relinqueret
480 604 506 651 in
516 604 600 651 animis
610 618 700 662 sonim,
712 619 727 650 a
739 604 832 665 quibus

151 668 320 717 menemus

97 731 104 755 “
183 731 216 779 X.
233 730 835 795 Videmeigimr‚ineisipsiurbe,iuqunetnata

152 806 176 845 et
185 796 233 843 alta
243 796 274 843 sit
284 797 423 860 eloqumtis,
434 812 506 859 quam
518 812 545 843 ea
559 811 609 843 sero
622 795 733 858 prodierit
748 796 776 842 in
791 797 832 844 lu.

152 862 221 909 eem?
239 860 369 922 Siquidm,
384 870 438 907 aute
447 860 539 907 Solonis
556 868 656 917 autem,
667 867 691 906 et
702 858 832 919 Pisistrati,

152 926 181 973 de
191 924 266 982 nullo,
276 933 305 971 ut
314 925 408 982 diserto,
418 925 536 973 memorie
546 924 666 986 proditum
680 931 722 969 est.
751 924 790 971 At
804 926 833 973 hi

152 988 256 1052 quidem,
268 997 295 1035 ut
305 989 388 1052 populi
394 988 497 1035 Romani
507 996 561 1037 etas
569 996 611 1046 est,
619 1002 684 1035 senes
693 1003 701 1043 ς
718 996 746 1035 ut
751 989 837 1041 Aure«,

152 1052 268 1100 nimaium
286 1053 372 1099 saeeuls
389 1061 550 1109 numerantur,
567 1051 721 1099 adolescentes
741 1052 832 1100 debent

152 1115 231 1165 videri.
252 1116 327 1177 Nam,
338 1116 381 1164 etsi
392 1116 471 1167 Servio
482 1114 563 1163 Tullio
574 1124 685 1178 regnante
695 1115 832 1177 viguerunt,

153 1190 232 1228 tamen
247 1180 323 1227 multo
337 1180 424 1227 diutius
438 1180 541 1227 Athena
552 1180 602 1241 jam
615 1188 689 1238 erem,
707 1195 779 1243 quum
794 1191 837 1229 est.

154 1246 231 1293 Romu
241 1244 272 1291 ad
281 1244 420 1291 hodiernum
430 1244 508 1291 diense
526 1259 568 1291 nec
579 1252 658 1291 temen
666 1244 758 1303 dubie,
770 1246 831 1307 quin

143 1309 260 1357 'habuerit
274 1308 323 1355 vim
337 1323 448 1370 magnam
458 1322 549 1372 semper
559 1308 639 1355 oratio.
667 1308 754 1371 Neque
765 1310 841 1360 enim,

152 1376 202 1437 J'am
220 1372 312 1420 Troicis
328 1372 471 1435 temporibus
488 1380 581 1419 tantum
596 1372 673 1419 leudis
692 1372 718 1419 in
732 1372 833 1422 dicendo

155 1438 235 1499 Ulyssi
245 1437 361 1485 tribuisset
369 1436 496 1495 Homerus,
508 1444 531 1485 et
540 1436 641 1495 Nestori,
653 1439 767 1499 (quorum
774 1438 836 1485 alte-

155 1516 209 1549 rum
220 1502 268 1549 vim
278 1501 363 1549 habere
373 1500 455 1559 voluit,
467 1500 567 1547 alterum
573 1500 721 1558 suavitatem)
728 1502 775 1549 nisi
780 1504 833 1561 jam

155 1575 207 1613 tum
219 1575 278 1613 esset
293 1566 366 1613 honos
381 1564 534 1627 eloquentum
551 1579 568 1610 n
597 1580 627 1610 ue
641 1564 690 1627 ipse
706 1569 777 1627 poeta
791 1566 833 1614 hie

155 1638 203 1675 tem
214 1629 276 1676 idern
287 1639 382 1677 ornabis
390 1629 416 1675 in
426 1627 532 1687 dicendo,
539 1580 642 1691 seepinne
649 1628 832 1677 oratorfiuissst:

154 1692 222 1751 mjus
232 1692 274 1739 etsi
283 1692 371 1741 ineerta
379 1702 434 1740 sunt
443 1701 557 1755 tempora,
572 1701 650 1739 umen
665 1692 733 1739 annis
747 1694 834 1741 multis

154 1755 200 1802 tuit
210 1764 264 1803 ante
275 1756 406 1805 Romulum
415 1774 423 1814 ς
440 1756 555 1820 siquidem
561 1771 609 1803 non
616 1756 678 1803 infre
687 1758 833 1819 superiorem

156 1820 293 1883 Lycurgum
306 1820 361 1880 fuit,
371 1837 387 1868 s
400 1837 448 1885 qno
462 1830 497 1869 est
509 1820 630 1885 disciplina
640 1821 833 1871 Laoedaemonio·

156 1900 209 1936 nun
220 1884 328 1933 sdstsim
336 1887 435 1948 legibus.

188 1950 236 1997 Sed
245 1950 349 2000 studium
359 1951 409 2011 ejus
420 1950 518 2013 gennis,
529 1951 650 2013 majorque
665 1950 709 2009 vis,
725 1952 834 2013 agnosei-

155 2026 195 2065 tur
212 2014 238 2061 in
257 2014 383 2061 Pisistrato.
411 2013 521 2077 Denique
538 2014 601 2061 hunc
620 2015 728 2077 proximo
747 2018 833 2065 annuo

154 2078 321 2127 Themistocles
327 2077 444 2127 inseeuurs
452 2088 495 2138 est,
501 2088 529 2126 ut
536 2078 599 2141 apud
605 2092 656 2137 nos,
663 2079 830 2143 perantiquus;

153 2151 182 2189 ut
190 2141 254 2202 spnd
263 2141 427 2201 Athenienses,
438 2158 486 2191 non
497 2143 530 2190 its
540 2158 596 2191 sane
606 2150 679 2191 vaus
697 2142 755 2190 Fuit
766 2145 830 2193 enim

151 2213 262 2265 remeante
272 2206 323 2264 jem
339 2204 439 2263 Granio,
456 2207 535 2255 nostri
545 2216 624 2255 autem
635 2207 727 2255 ditate
738 2222 786 2256 uon
797 2209 831 2257 ita

150 2266 241 2329 pridem
251 2267 373 2315 dominam
383 2270 448 2331 regio
457 2270 563 2318 liberatin
585 2272 649 2319 Nam
662 2272 752 2319 bellum
770 2272 830 2321 Vol.

139 2345 241 2392 ¹snorum
251 2330 312 2377 illud
321 2332 494 2393 pessumum,
511 2335 550 2381 eui
565 2335 703 2383 Coriolanus
714 2337 783 2383 exstss
793 2337 831 2385 in-

149 2393 237 2452 terfuit,
249 2394 330 2441 eodem
340 2394 389 2442 fere
399 2403 513 2459 tempore,
525 2414 573 2460 quo
587 2398 712 2447 Persarum
726 2401 829 2462 bellum,

149 2454 202 2512 filiis
211 2456 340 2520 similisque
345 2458 441 2532 fprtuna
448 2460 564 2509 clarorum
571 2462 674 2511 virorum
683 2480 690 2509 s
712 2464 832 2527 siquidem

148 2523 254 2589 uterque?
269 2535 325 2567 eum
340 2536 397 2569 ervis
412 2524 520 2585 egregius
536 2526 625 2585 fuisset,
642 2527 726 2589 populi
741 2528 830 2590 ingrati

146 2576 227 2636 ΝΜ
242 2582 339 2644 mjuxu,
357 2599 381 2633 se
398 2586 431 2635 ad
446 2587 525 2651 hoste
545 2590 652 2651 eontulit,
671 2601 831 2657 censumque
