1800 2892
196 109 242 160 un
259 113 439 177 orimur,
457 115 517 164 nm.
527 115 563 163 11.
579 113 642 164 crs.
652 117 692 165 n.
732 103 780 166 soi

104 241 244 306 deploristie
268 244 332 308 quod
350 244 378 292 P.
394 245 502 293 Afrioeni
521 244 582 293 nocis
601 245 675 294 socius
692 236 775 305 firisti;

103 307 167 371 quod
178 323 230 355 eem
244 309 320 372 legem
334 310 359 356 in
373 310 492 358 tribunatu
507 311 595 367 tulisti;
612 310 675 373 quod
686 323 777 374 semper

101 387 117 420 t
124 372 193 420 bonis
203 372 333 421 dissensisti.
351 373 391 421 Ex
398 375 472 422 muns
480 382 557 422 eutem
565 390 643 422 rerum
651 375 695 422 sie:
708 376 776 424 Ave-

100 436 180 483 titiom
192 437 211 483 si
222 438 301 487 tollere
312 435 389 497 vultis,
401 449 475 486 mater
485 440 534 500 ejus
545 447 579 486 est
586 439 695 499 tollendo,
703 441 775 487 luru-

100 501 153 550 ries.
182 501 222 548 Ex
238 501 266 548 iis
282 511 368 562 autem,
386 520 439 567 quse
456 512 510 550 sunt
526 509 576 550 orto
591 504 621 550 de
636 505 725 552 musis:
749 505 775 553 Si

100 565 176 612 aerarii
187 565 267 628 oopiis,
279 575 301 613 et
311 567 341 613 ad
351 567 407 614 belli
417 568 559 628 adjumenta,
572 575 595 614 et
603 567 632 614 od
640 578 775 618 omomentn

99 630 173 693 peris,
190 631 287 689 utimur,
304 632 453 694 vectigalibus
467 632 599 680 serviamus.
625 631 719 692 Majora
732 649 774 680 ou-

99 703 158 753 tem,
170 702 194 741 et
204 694 302 754 minora,
314 704 336 742 et
344 696 408 757 paria
417 696 610 759 comparabimus,
620 696 658 743 sic.
676 696 715 743 Ex
723 711 774 743 mn.

96 760 163 819 jore:
181 758 208 805 Si
218 761 279 806 bono
289 760 427 808 existimatio
437 761 522 808 divitiis
532 769 633 824 prestet,
645 768 669 808 et
678 761 775 823 pecunia

84 831 220 885 ..tantopere
236 823 359 893 expetitur²
374 833 462 888 quanto
478 825 551 888 glorie
564 826 639 888 magis
656 827 690 872 est
705 841 774 889 expe·

97 887 188 935 tende?
205 887 245 934 Ex
255 887 344 936 minore
354 889 400 939 sict

101 1025 104 1032 ,
368 979 385 1005 “
393 977 439 1036 hin,
450 993 527 1040 pervae
538 979 707 1030 consuetudinis

129 1037 217 1098 cause,
228 1039 299 1100 hujus
308 1048 407 1088 mortem
417 1042 463 1089 fert
473 1051 521 1090 tem
531 1043 688 1092 familiariter:

129 1103 281 1166 Quidsiipse
289 1106 403 1154 emisset?
417 1106 474 1170 quid
482 1107 660 1156 mihihicieuiet
667 1109 762 1173 patri?”

95 1211 136 1258 Ex
146 1211 199 1276 peri
209 1211 253 1260 sic:
268 1211 313 1260 Est
324 1213 426 1274 ejusdem
437 1223 461 1262 et
471 1213 565 1278 eripere,
579 1211 614 1274 [et
622 1222 700 1261 eontra
708 1229 769 1262 rem-

95 1276 214 1339 publioam
221 1276 444 1340 hrgiri1pecunius.
461 1279 526 1326 Foris
534 1287 612 1324 eutem
621 1287 770 1324 assumuntur

90 1342 321 1452 ‘metiti
331 1341 560 1464 bffitb
569 1341 770 1453 tbi-²3:1¹¹&

95 1468 183 1515 falsum
200 1477 248 1526 este
264 1459 348 1517 'habita
366 1471 428 1517 enim
448 1471 544 1534 questio
563 1478 611 1518 est:
636 1469 688 1517 Hoc
705 1469 770 1533 sequi

94 1547 187 1580 nmesse
197 1541 244 1589 est;
258 1534 327 1581 recito
338 1534 399 1581 enim
410 1536 508 1582 tabulae.
526 1533 563 1582 De
574 1549 621 1598 quo
631 1549 713 1596 genere
721 1542 769 1584 toto

93 1598 165 1708 merlo
176 1597 296 1710 ιηῒὲἱέῒιέ.
318 1598 386 1710 Ιέωο,
396 1607 425 1646 ut
434 1599 566 1648 brevissime
577 1597 622 1646 diei
632 1607 766 1662 potuerunt,

136 1677 152 1708 s
161 1677 201 1708 me
283 1678 327 1709 sun
353 1674 356 1681 ·

98 1736 101 1743 '
125 1725 198 1773 XLI.
219 1727 254 1774 Ut
269 1726 340 1787 enim,
356 1727 376 1776 si
390 1743 474 1775 surum
489 1729 535 1788 cui,
550 1727 613 1792 quod
629 1736 687 1776 esset
703 1728 766 1775 mul·

93 1789 196 1837 tiferinm
210 1789 335 1851 defossum,
350 1801 528 1841 eommonstrere
542 1793 633 1852 vellem,
649 1793 702 1842 satis
719 1808 767 1840 esee

93 1853 195 1913 deberet,
207 1855 227 1902 si
241 1855 307 1918 signa
322 1865 345 1903 et
357 1865 423 1904 notes
437 1857 579 1904 ostenderem
592 1859 703 1918 lotorum,
715 1857 768 1920 qui-

93 1921 139 1966 bus
153 1919 259 1981 oognitis,
274 1919 314 1967 ille
329 1921 372 1968 sibi
386 1922 434 1984 ipse
448 1921 543 1982 foderet,
557 1931 579 1969 et
593 1921 626 1981 id,
642 1922 704 1987 quod
719 1921 767 1969 vel-

93 1983 135 2043 let,
149 1984 247 2046 parvulo
260 1984 347 2044 labore,
362 1986 428 2033 nullo
442 2000 525 2046 errore,
538 1986 665 2042 ‚invenirem
683 1985 767 2033 siches

93 2063 137 2110 ego
151 2057 341 2110 argumentorum
355 2049 409 2097 novi
424 2058 498 2110 notus,
514 2067 567 2114 quae
580 2049 621 2098 ille
632 2049 692 2098 mihi
702 2065 766 2113 quie-

84 2112 154 2159 ·renti
164 2112 330 2171 demonstrant,
341 2114 382 2161 ubi
393 2114 454 2170 sint3
472 2115 560 2178 relique
574 2115 630 2164 euris
644 2123 667 2162 et
681 2113 767 2176 cogite·

92 2177 156 2225 tione
169 2185 288 2224 entuntur.
313 2176 384 2235 Quod
397 2187 476 2225 eutem
490 2188 678 2241 argumentorum
693 2192 766 2240 genus

93 2241 177 2304 cuique
190 2256 312 2288 musenim
326 2243 404 2304 generi
418 2243 521 2290 maxime
535 2243 663 2302 conveniat,
675 2256 721 2290 non
733 2249 766 2288 est

93 2305 149 2354 artis
159 2305 279 2368 exquisite
289 2307 440 2369 prescribere,
452 2307 492 2354 sed
503 2315 537 2354 est
546 2306 666 2354 mediocris
678 2304 766 2368 ingenii

92 2369 203 2432 judicare
231 2369 316 2432 Neque
333 2371 395 2418 enim
411 2386 474 2419 nune
491 2371 516 2418 id
533 2372 631 2434 egimus,
649 2377 676 2417 ut
692 2379 765 2416 artem

94 2435 198 2497 eli'quem
212 2434 303 2481 dioendi
317 2435 466 2498 explicemus,
482 2435 522 2482 sed
534 2445 562 2482 ut
575 2434 710 2482 doctissimis
722 2433 765 2481 ho-

93 2499 197 2546 minibus
206 2501 261 2546 ustis
272 2499 343 2546 nostri
353 2500 420 2562 quasi
427 2499 535 2562 quaedam
543 2499 631 2544 monite
638 2497 763 2544 tradamus.

74 2590 80 2614 t
94 2563 141 2611 His
150 2562 222 2625 igitur
231 2562 287 2610 loeis
301 2563 327 2610 in
337 2571 415 2610 mente
425 2572 448 2609 et
459 2562 594 2624 rogitatione
605 2561 694 2620 defixis,
706 2569 729 2608 et
739 2561 765 2608 in

92 2627 158 2677 anni
166 2642 193 2675 re
201 2626 233 2676 ed
242 2626 366 2676 timendum
373 2626 449 2690 posita
456 2624 568 2685 excitetis,
577 2623 694 2686 nibilerit,
703 2623 766 2689 quod
