1800 2892
147 113 198 164 DE
213 113 391 178 nnuman,
407 114 468 165 lans.
480 114 517 164 11.
534 113 598 166 Gar.
613 114 651 166 lt.
688 115 746 172 205,

65 257 142 308 neque
152 246 275 293 verborum
284 244 440 305 collectim,
456 251 479 292 et
489 251 563 292 traem
573 243 681 294 metionis
690 242 738 292 leni

62 317 90 356 et
106 308 227 372 requabili,
246 310 368 373 perpolivit
385 309 446 357 illud
457 324 538 372 opus3
558 309 606 369 sed,
623 315 651 356 ut
668 309 739 356 homo

65 387 143 436 neque
160 372 242 421 doctus
259 388 336 436 neque
353 374 457 421 maxime
475 381 543 437 aptus
560 373 590 422 sd
605 372 737 432 dicendum,

65 437 126 484 sicot
143 437 228 500 potuit,
248 436 349 500 dolavit:
366 437 421 485 vicit
437 446 524 496 umen,
543 445 570 484 ut
588 436 652 496 dicis,
670 452 738 500 sups-

65 501 144 548 riores.
168 501 271 548 Minime
284 502 379 561 mirum,
390 500 468 564 inquit
476 501 604 560 Antonius,
616 500 635 547 si
649 501 693 548 ists
702 516 738 548 res

65 564 144 612 adhuc
154 565 233 612 nostri
247 565 329 628 lingui
340 566 453 613 illustrata
467 579 514 612 non
529 573 577 612 este
594 579 663 612 nemo
677 565 740 612 enim

66 628 145 676 studet
161 629 298 692 eloquentia
314 637 443 678 nostrorum
460 629 591 689 hominum,
609 627 654 676 nisi
671 628 738 676 utin

65 692 142 740 causis
159 701 230 756 atque
243 693 269 739 in
283 693 334 741 foro
350 694 452 741 eluceat:
470 693 533 756 apud
552 693 644 740 Grecos
661 701 740 739 autem

65 757 249 820 eloquentissimi
263 757 376 816 homines,
392 757 476 806 remoti
490 773 505 804 a
519 757 592 804 causis
601 756 738 816 forensibus,

66 820 681 881 cumadcaoermresillusumumadscribendam
692 820 739 866 his-

66 885 152 932 toriam
167 885 279 945 maxime,
294 900 319 932 se
332 886 510 948 applicaverunt
534 885 644 948 Namque
655 893 678 932 et
689 884 739 931 He-

66 948 175 996 rodotum
188 948 267 1009 illum,
283 948 324 1012 qui
338 947 443 1012 prinecps
458 965 530 1012 genus
545 949 588 997 hoc
598 949 696 1008 ornavit,
713 948 740 996 in

66 1013 142 1060 muns
155 1012 215 1058 nihil
229 1013 325 1060 omnino
335 1021 450 1060 versamm
461 1029 508 1060 esse
518 1013 661 1076 accepimusa
673 1012 738 1076 etqui

67 1084 132 1124 tanta
146 1084 181 1124 est
196 1077 334 1139 eloquentia,
348 1086 377 1124 ιιι
390 1092 429 1124 me
442 1077 545 1140 quidem,
561 1085 675 1140 quantum
694 1093 737 1139 ego

68 1141 150 1188 (lraeee
169 1141 253 1203 scripta
273 1141 399 1203 intelligere
417 1156 519 1204 possum,
541 1155 680 1204 magnopere
698 1141 738 1188 de-

66 1205 141 1252 lectet.
158 1205 208 1263 Et,
224 1213 276 1268 post
291 1204 367 1264 illum,
386 1204 535 1268 Thucydides
550 1219 630 1252 omnes
646 1204 737 1252 dicendi

67 1267 173 1327 artifieio,
189 1269 244 1315 mei
256 1270 376 1328 sententiis,
391 1269 457 1316 facile
472 1269 541 1324 vicit;
558 1268 646 1330 quiite
660 1269 737 1314 creber

67 1342 101 1380 est
110 1347 191 1380 rerum
201 1331 339 1395 frequentii,
354 1340 382 1379 ut
393 1335 515 1380 verborum
529 1347 600 1394 prope
612 1345 738 1378 numerum

67 1397 234 1444 sententiarum
248 1411 345 1444 numero
360 1405 526 1460 consequatur3
543 1396 576 1443 ita
586 1409 653 1458 porro
664 1395 738 1442 verbis

66 1468 135 1523 aptus
150 1469 174 1507 et
183 1475 282 1523 pressus,
294 1469 321 1508 ut
334 1460 428 1521 nescias,
442 1471 523 1508 utrum
537 1475 572 1507 res
586 1459 696 1518 oratione,
707 1473 738 1506 an

66 1526 137 1572 verba
152 1525 277 1584 sententiis,
292 1525 441 1572 illustrentur.
468 1524 545 1587 Atqui
561 1538 591 1571 ne
605 1524 669 1570 hunc
685 1523 737 1586 qui-

67 1589 130 1648 dem,
148 1603 292 1652 quamquam
307 1597 341 1636 est
354 1588 379 1634 in
393 1588 511 1652 republicis
525 1597 634 1646 versatus,
650 1601 679 1635 ex
692 1603 736 1635 nu-

67 1664 132 1700 mero
148 1653 279 1715 accepimus
294 1667 374 1700 eorum
392 1653 434 1716 qui
450 1667 529 1700 causas
546 1651 694 1708 dictitirunt3
714 1660 737 1700 et

67 1716 109 1764 hos
116 1717 189 1764 libros
197 1726 249 1764 tum
259 1716 372 1778 scripsisse
382 1717 473 1777 dieitur,
485 1731 538 1764 curn
549 1731 565 1762 a
573 1715 690 1778 republici
701 1731 736 1763 rs·

66 1789 153 1840 motus,
170 1789 241 1843 atque
255 1780 290 1835 (id
304 1780 367 1844 quod
381 1781 469 1844 optimo
483 1781 566 1843 suique
581 1779 681 1827 Athenis
699 1795 736 1828 cc-

67 1845 141 1893 eidere
152 1845 247 1892 solitum
261 1852 305 1902 est)
320 1845 346 1891 in
360 1845 467 1892 exsilium
478 1845 558 1908 pulsus
572 1852 636 1891 esset.
664 1843 737 1892 Hunc
802 1873 803 1878 =

66 1917 203 1957 consecutus
217 1917 251 1956 est
265 1908 399 1972 Syruerrsius
414 1908 533 1968 Philistus,
548 1907 597 1970 qui,
614 1922 667 1955 eum
678 1906 737 1956 Dio·

66 1973 126 2036 nysii
136 1973 230 2035 tyranni
241 1972 431 2020 familiarissimus
441 1980 507 2030 esset,
518 1971 592 2020 otium
602 1986 671 2018 sunm
682 1987 737 2020 eon·

66 2037 151 2085 sumsit
163 2037 189 2084 in
204 2037 299 2084 historii
316 2036 442 2095 scribendi,
457 2036 604 2098 maximeque
617 2035 736 2097 Thucydi-

67 2101 120 2148 dem
131 2109 175 2159 est,
186 2101 246 2148 sicut
254 2100 314 2147 mihi
328 2099 426 2160 videtin,
440 2099 550 2148 imitatus.
576 2099 660 2146 Postea
674 2113 736 2158 vero,

66 2165 132 2227 quasi
143 2180 173 2211 ex
184 2164 314 2212 clarissimi
323 2163 417 2212 rhetoris
431 2161 528 2223 cilicini,
544 2163 591 2210 duo
604 2169 737 2224 prestantes

66 2229 169 2292 ingenio,
185 2229 351 2291 'lheopompus
361 2238 385 2275 et
398 2228 516 2290 Ephorus,
532 2229 561 2274 ab
577 2226 675 2272 Isocrate
686 2239 737 2296 ma-

66 2293 137 2354 gimo
151 2293 256 2355 impulsi,
272 2308 296 2340 se
306 2292 336 2341 cd
349 2292 467 2339 historiam
481 2291 640 2340 contulerunt:
658 2303 738 2336 musas

66 2371 294 2483 millae-ullinedidqlrlel
301 2365 544 2483 mimmii
551 2415 665 2487 profectus
673 2412 738 2475 prin·

66 2483 477 2607 mimmenah
492 2481 593 2605 uni
602 2477 736 2587 tum

64 2621 89 2661 et
102 2612 143 2660 hic
153 2611 250 2674 quidun
259 2611 372 2662 rhetorico
386 2625 451 2674 pene
465 2621 544 2656 morea
561 2603 600 2652 ille
611 2609 688 2652 autem
698 2619 737 2659 su·

97 2678 219 2735 (Rhetor.)
236 2688 300 2724 vor..
313 2689 332 2722 r.
529 2681 546 2714 τ
