1800 2892
161 87 407 169 resonarem,
424 105 491 158 ιιι
498 105 534 154 ιι.
551 103 615 158 ιιι.
627 107 667 156 ιιι
700 77 772 158 ιιι

75 247 141 295 teges
155 248 186 282 cx
200 233 245 283 liic
261 233 353 284 civitate
370 235 440 300 exigi,
452 251 534 310 neque
551 233 656 284 tribimoe
672 233 751 298 plebis

74 297 157 358 creari,
167 313 249 373 neque
262 300 408 362 plebis-scies
418 300 484 348 toties
495 299 636 348 consularem
647 306 748 362 potesta·

73 368 123 408 tem
139 362 226 436 minui,
244 379 319 427 neque
335 365 528 428 provocationem,
544 374 666 427 patronam
681 363 749 415 illuni

73 425 174 473 civitatis
185 443 212 474 ac
220 427 334 475 vindicem
343 429 454 476 libertatis
455 429 560 504 ‚populu
569 429 676 475 Romano
687 427 745 486 dari,

73 489 124 536 sine
135 491 252 540 nobilium
262 491 414 568 dissensione,
419 495 535 557 potense:
552 507 587 552 ac,
600 508 619 540 si
612 491 676 538 'illie
686 491 746 538 sedi-

73 554 149 602 tiones
167 555 238 602 saluti
254 555 309 604 huic
330 557 417 604 civitati
437 557 542 616 fuissent,
559 571 606 604 non
628 555 745 615 continuo,

73 617 165 730 laihi
173 619 749 758 ”afflietittrttttlihltltth

74 745 143 794 (lum.
167 746 269 823 Quod
251 764 271 795 si
281 763 385 823 unquam
396 766 426 812 po
443 750 483 798 ulo
499 749 606 797 Romano
616 763 749 796 concessum
776 797 779 804 ,

73 819 143 872 esset,
161 819 190 858 ut
197 813 251 872 jure
260 813 385 860 concitatus
395 813 418 860 vi
434 822 509 860 eretur
520 813 554 868 (id
565 812 637 888 quod·
638 812 749 862 docebam

73 890 137 951 sape
148 891 197 922 esse
208 886 360 938 mmmmm),
372 877 462 924 nullam
473 878 514 924 ills
524 893 617 925 causam
627 876 749 937 justiorem

72 939 154 987 fuisse
177 938 243 986 Turn
259 957 353 988 omnem
367 942 494 989 orationem
504 941 596 988 traduxi
611 949 633 988 et
648 939 749 990 converti

71 1003 98 1049 m
116 1004 283 1079 increpandam
300 1005 415 1068 Caepionis
430 1006 545 1068 fugam,
538 1021 562 1054 in
579 1005 749 1080 deplorandum

71 1067 196 1117 interitum
207 1070 325 1116 exercitiis.
342 1070 381 1117 Sic
391 1079 414 1116 et
422 1086 502 1118 eorum
510 1070 621 1129 dolorem,
633 1085 674 1132 qui
667 1070 748 1132 luge·

72 1133 133 1179 liant
143 1135 207 1191 suos,
220 1133 322 1181 oratione
332 1134 483 1191 refricabam
501 1143 524 1181 et
538 1135 627 1182 animm
642 1134 749 1196 equitum

71 1195 247 1271 Romanunm,
258 1197 321 1272 apud
329 1214 386 1260 quos
394 1207 445 1245 tum
451 1199 540 1260 judiees
549 1213 617 1245 cause
627 1201 748 1270 agebatur,

70 1260 102 1307 ad
121 1259 155 1318 Q
175 1259 230 1324 caep
231 1261 289 1308 ionis
305 1263 385 1309 odium
403 1266 427 1316 (a
413 1279 491 1327 aquo
511 1271 575 1310 erant
592 1261 637 1323 ipsi
654 1269 749 1324 propter:

68 1323 164 1386 judicia
173 1325 315 1385 abalienati),
327 1329 466 1374 renovabam
478 1325 560 1389 [atque
571 1326 728 1387 revocabam}

104 1388 206 1436 XLIX.
223 1389 297 1452 Quod
305 1390 346 1438 ubi
357 1391 416 1438 sensi
426 1407 465 1438 me
472 1391 497 1438 in
508 1389 647 1454 possessione
655 1387 748 1449 judicii,

70 1469 99 1502 ae
110 1453 252 1501 defensionis
262 1469 329 1515 meae,
336 1455 471 1516 constitisse,
481 1455 558 1530 quod
554 1463 577 1503 et
587 1453 669 1516 populi
678 1455 751 1500 bene«

70 1517 202 1566 volentiam
218 1518 278 1564 mibi
295 1519 450 1593 eoncilibram,
467 1521 534 1580 qu'us
549 1520 588 1579 jus
605 1519 674 1569 etiem
692 1533 748 1566 cum

69 1581 194 1630 seditionis
204 1582 364 1644 eonjunctione
374 1583 536 1640 defenderem
549 1591 572 1630 et
580 1583 686 1643 judicum
697 1583 750 1630 eni·-

69 1661 125 1694 mos
137 1655 206 1706 totos,
222 1647 259 1695 vel
270 1647 399 1697 calamitate
409 1648 516 1708 civitatis,
528 1648 565 1695 vel
574 1647 639 1698 luctu
651 1663 677 1695 ac
688 1647 749 1694 desi-

70 1711 138 1759 derio
149 1711 343 1774 propinquorum,
354 1713 392 1759 vel
402 1712 454 1760 odio
465 1712 557 1775 proprio
568 1711 593 1760 in
604 1712 747 1775 Caepionem,

70 1775 101 1823 ad
123 1790 220 1822 mirsam
238 1785 341 1823 nostram
359 1785 532 1833 converteram
548 1784 604 1823 tunc
622 1776 747 1824 admiscere

69 1840 128 1887 huic
142 1840 223 1901 generi
236 1840 344 1888 orafionis
358 1840 489 1888 vehementi
503 1849 574 1914 atque
588 1841 658 1888 atroci
673 1855 747 1902 genus
803 1848 807 1855 “

69 1903 135 1951 illud
153 1904 254 1950 alterum
274 1904 314 1957 (de
321 1919 376 1979 quo
392 1914 445 1952 ante
461 1903 586 1968 disputavi)
605 1905 704 1952 lenitatis
724 1913 747 1952 et

69 1968 260 2016 mansuetudinis
271 1968 343 2031 ooepi;
360 1984 407 2029 me,
424 1985 466 2033 pro
476 1985 528 2016 meo
540 1969 620 2028 sodali,
634 1985 675 2032 qui
668 1968 746 2016 mihi

68 2033 211 2080 inliberrim
221 2033 272 2080 loco
286 2047 351 2080 more
366 2035 482 2094 majorum
497 2049 545 2081 esse
559 2033 659 2093 deberet,
672 2041 694 2080 et
721 2047 747 2079 ro

68 2098 126 2145 mee
138 2111 205 2144 omni
197 2097 279 2144 fama
289 2112 361 2160 prope
370 2097 522 2173 fortumsque
534 2097 669 2151 decerneres
686 2049 747 2144 ndiil

68 2162 133 2208 mihi
148 2161 180 2208 ed
195 2161 387 2209 existimationem
404 2162 503 2237 turpius,
521 2160 581 2211 nihil
597 2160 627 2208 ad
642 2160 746 2208 dolorem

67 2225 178 2274 aoerbius
186 2225 287 2272 accidere
293 2241 368 2289 posse,
380 2242 451 2289 quam
462 2227 482 2274 si
492 2227 511 2272 is
512 2225 574 2288 ‚qui
584 2240 649 2298 saepe
655 2223 746 2270 alienis·

68 2290 137 2338 simis
152 2305 168 2336 a
183 2305 230 2351 me,
248 2289 288 2337 sed
302 2291 360 2338 meis
374 2298 452 2337 tamen
469 2261 566 2350 civilius,
582 2287 651 2336 saluti
668 2285 749 2334 erisn-

67 2370 149 2403 miirer
158 2353 240 2415 tiiiese,
255 2353 327 2402 sodali
337 2370 389 2402 meo
400 2355 515 2402 auxilium
526 2355 584 2402 ferre
599 2367 646 2399 non
656 2351 745 2414 potuis·

65 2435 127 2466 sem.
154 2418 268 2466 Petebam
282 2435 297 2465 a
309 2418 441 2493 judicibus,
451 2429 480 2470 ιι
493 2417 552 2466 illud
567 2417 629 2463 etati
639 2431 705 2474 mere,
717 2422 745 2461 ut

64 2482 207 2543 bonoribus,
218 2491 247 2529 ut
255 2484 324 2530 rebus
334 2483 411 2546 gestis,
423 2482 443 2530 si
451 2485 523 2544 justo,
535 2481 555 2530 si
564 2480 604 2542 pio
614 2479 693 2526 dolore
705 2493 747 2525 me

64 2564 117 2604 esee
128 2547 241 2595 affecbim
251 2547 362 2608 viderem,
372 2547 537 2601 concederent3
553 2541 678 2606 presertim
691 2540 746 2588 siin

64 2603 744 2672 aliieenusisintellexiesenwmuiamesemperpruemi·
