1800 2892
142 42 192 89 260
221 39 269 103 Dii
285 38 464 100 ORATORB,
481 40 541 88 Lm.
553 39 588 88 11.
605 38 670 88 Cor.
682 40 721 86 65.

137 166 796 228 Nemincoeliosnneetiamsdosussmutilefuittuum
891 197 892 204 2

136 231 203 292 illud,
214 231 314 290 Antoni,
329 246 383 279 oum
392 232 432 280 ille
442 249 457 279 s
467 247 491 279 se
501 232 621 294 pecuniam
631 232 753 295 profectam
763 231 796 278 di·
891 229 892 268 ἒ

136 295 281 368 seret-testis,
296 305 320 343 et
333 295 427 344 haberet
441 296 516 344 fllium
526 295 687 354 delicatiorem,
702 296 796 344 abeunte
891 327 892 354 ᾗ

139 360 186 406 'em
196 356 237 406 rllo

135 375 145 419 J
170 393 294 497 “Seriti'n’
304 465 382 498 senem
392 457 537 498 essetecum
547 447 756 512 nigintominis?”

136 542 167 598 in
180 549 225 598 hoc
238 566 310 614 genus
325 549 475 611 conjiciuntur
489 547 622 612 proverbis3
639 557 666 596 ut
679 547 739 595 illud
751 548 798 596 Sci·

135 615 218 678 pionis,
230 630 283 662 cum
297 615 391 662 Asellus
401 629 480 661 omnes
490 613 615 676 provincias
630 612 742 676 stipendio
751 628 799 660 me.
891 605 892 630 ³

136 688 223 726 rentem
234 695 258 726 se
267 679 397 742 peragrasse
410 677 552 740 gloriaretur,
571 680 588 705 ‘⁴
599 676 665 738 Agre
675 677 797 734 asellum,”

135 751 158 790 et
167 751 254 790 oaeters.
271 743 351 801 Quare
358 759 385 789 es
392 757 493 805 quoque,
502 740 611 803 quonism
621 741 716 787 mutatis
727 740 799 788 verbis

135 822 182 853 non
192 815 287 869 possunt
293 805 389 854 retinere
398 805 503 853 eamdem
513 813 662 862 venustatem,
672 819 720 851 non
730 804 756 851 in
767 821 798 866 re,

134 870 174 917 sed
184 871 208 916 in
219 869 301 928 verbis,
312 870 387 932 posits
396 869 515 916 duoentur.

165 933 210 980 Est
224 933 293 980 etism
303 933 328 980 in
339 936 407 981 verbo
421 933 522 996 positum
536 947 582 980 non
592 931 706 980 insulsum
717 947 799 995 genus,
891 913 892 948 ³

134 1014 163 1045 ex
178 1013 213 1055 eo,
225 1013 278 1044 enm
288 997 318 1044 od
328 998 433 1056 verbum,
445 1012 491 1044 non
502 997 532 1044 od
543 996 686 1056 sententiam,
701 1013 754 1044 rem
764 1014 800 1046 sc-

134 1063 208 1124 cipere
218 1062 323 1119 videore3
340 1077 369 1108 ex
384 1077 430 1124 quo
440 1075 488 1109 uno
502 1076 584 1124 genere
598 1068 657 1107 totus
669 1068 703 1108 est
713 1061 799 1122 Tnton

133 1125 220 1173 mimus
229 1135 302 1184 vetus,
317 1125 401 1187 oppido
413 1125 529 1172 ridiculus.
557 1123 602 1172 Sed
612 1126 669 1171 abeo
679 1141 694 1171 s
703 1125 799 1172 mimis:

134 1200 225 1238 tanturn
234 1205 307 1253 genus
316 1190 387 1250 hujus
397 1183 580 1251 ridiculi'insigni
590 1188 668 1250 aliqui
679 1195 701 1236 et
713 1189 770 1236 noti
777 1205 802 1237 re

134 1255 207 1302 notari
215 1255 273 1302 volo.
289 1253 334 1301 Est
343 1262 421 1300 sutem
432 1268 461 1300 ex
471 1253 515 1300 hoc
524 1267 606 1315 genere
613 1251 680 1309 illud,
692 1253 757 1314 quod
765 1263 800 1313 tu,

134 1319 223 1377 Crasse,
237 1334 311 1381 nuper
321 1317 350 1376 ei,
362 1317 403 1380 qui
413 1326 435 1364 te
445 1316 553 1379 regisset,
565 1330 622 1362 num
633 1316 676 1363 tibi
690 1317 802 1364 molestus

134 1393 192 1431 esset
207 1381 506 1441 firturus,sisdtebene
523 1389 576 1427 sote
592 1381 668 1428 lucem
685 1381 800 1438 venissen
891 1381 892 1406 ³

134 1447 202 1494 “Tu
212 1447 290 1505 vero,''
306 1445 410 1510 inquisti,
428 1445 562 1492 “molestus
573 1458 620 1492 non
630 1443 673 1491 eris
681 1443 707 1491 ='’
726 1447 744 1474 “
756 1445 803 1494 Ju-

132 1511 196 1558 bebis
207 1509 277 1572 igitur
287 1511 336 1568 te,’'
347 1509 430 1573 inquit,
443 1512 461 1537 “
470 1508 572 1556 suscitari
579 1509 607 1556 ?”
624 1517 647 1554 et
657 1515 692 1566 tu,
705 1511 724 1538 “
734 1509 803 1558 Certe

131 1573 240 1647 negirnm
251 1583 274 1621 te
284 1573 543 1648 molesmmefuturumfi
558 1571 608 1646 ¹En
618 1571 698 1647 eodeni
709 1572 755 1621 hoc
764 1589 803 1622 ve-
891 1579 892 1656 ,

132 1637 384 1764 sesses
392 1635 802 1749 nen
891 1687 892 1756 ÷

132 1781 190 1812 num
198 1766 322 1824 consulem,
331 1782 451 1829 praeooque
458 1765 560 1824 dixisset,
573 1767 590 1793 ‘⁴
599 1763 644 1811 Dic
651 1764 681 1812 de
688 1765 720 1812 Ia.
728 1767 802 1812 Man-

131 1829 162 1876 lio
170 1829 195 1885 3⁹⁹
213 1829 325 1877 “Virum
334 1830 449 1887 bonum,”
467 1827 550 1892 inquit,
563 1832 580 1857 “
589 1829 711 1891 egregium
728 1846 758 1878 ue
769 1831 802 1877 ci.

132 1893 370 1942 vernessesrbitror.”
387 1893 494 1942 Ridicule
502 1893 571 1940 etism
578 1891 644 1939 iilud.
662 1893 691 1940 L
725 1894 802 1942 orcius
891 1897 892 1946 ζ

132 1958 216 2005 Neside
226 1957 312 2005 censori
323 1958 414 2016 Catoni,
426 1973 480 2005 cum
490 1957 538 2014 ille,
551 1959 568 1986 “
576 1955 616 2004 Ex
624 1956 658 2003 tui
666 1956 741 2004 {mimi
749 1973 803 2006 sen-

129 2022 201 2070 tentii
211 2030 237 2068 tu
248 2038 343 2069 uxorem
353 2023 423 2069 habes
431 2022 460 2070 ?''
477 2024 495 2050 “
507 2020 572 2079 Non,
583 2020 701 2078 hercule,''
713 2021 802 2086 inquit,
891 2043 892 2072 ι

131 2089 148 2115 “
158 2102 187 2133 ex
201 2086 247 2133 mei
263 2086 335 2134 enimi
350 2084 485 2133 sententia?
509 2083 568 2132 Haec
582 2093 623 2131 sut
636 2083 722 2148 frigida
735 2094 802 2143 sunt,

128 2157 170 2196 aut
184 2158 236 2196 tum
251 2151 317 2208 salso,
333 2165 387 2197 curn
401 2142 466 2196 iliud
480 2158 513 2196 est
526 2156 696 2212 exspeetsmm:
715 2149 804 2198 naturis
891 2167 892 2188 2

129 2213 191 2260 enim
202 2228 243 2260 nos
254 2217 351 2266 (utente
358 2213 417 2272 dixi)
428 2221 504 2286 noster
510 2213 607 2261 delectat
615 2229 692 2270 error3
705 2229 735 2262 ex
743 2230 803 2278 qno,

128 2290 182 2322 eum
192 2277 258 2338 quasi
268 2277 359 2351 decepti
366 2292 450 2350 empus
457 2277 632 2340 exspectatione,
643 2277 756 2326 ridemus.
800 2331 803 2336 ,

69 2359 72 2365 ’
160 2339 240 2387 LXV.
257 2341 287 2386 In
298 2342 372 2387 verbis
382 2349 451 2388 etism
466 2339 507 2388 illa
521 2350 583 2400 sunt,
595 2358 648 2405 quse
662 2351 705 2389 sut
715 2359 745 2390 ex
757 2343 805 2390 im-

128 2404 218 2450 mutati
227 2403 328 2451 oratione
338 2403 462 2464 ducuntur,
476 2413 518 2452 sut
528 2421 557 2453 ex
568 2407 637 2454 unius
648 2407 715 2455 verbi
725 2407 804 2456 trans-
891 2425 892 2466 ἢ

127 2460 220 2530 lotione,
235 2476 276 2516 sut
292 2483 322 2514 ex
338 2468 465 2520 inversione
480 2471 609 2518 verborum.
633 2469 673 2518 Er
688 2472 806 2522 immuta-

127 2527 203 2582 ¹1⁰ne3
220 2539 248 2576 ut
262 2530 319 2578 olim
336 2530 414 2580 Rura
430 2547 484 2582 oum
501 2533 578 2598 legem
595 2533 665 2584 ferret
681 2537 805 2595 mosten,
