1800 2892
119 124 167 181 DE
179 132 303 184 CLARIS
315 133 550 193 ORA'I'ORIBUS,
563 129 627 181 Car.
639 130 678 181 50.
696 133 745 182 403

77 262 130 310 tius.
148 262 241 321 Quibus
252 263 374 313 virtutibus
385 263 479 311 oratoris
489 263 573 310 horum
584 257 686 326 quidque
697 263 753 311 effi:

75 327 159 387 cietur,
177 336 218 374 aut
231 326 316 391 quibus
331 328 391 376 vitiis
405 336 481 376 orator
497 335 539 373 aut
553 341 600 373 non
614 337 749 390 assequatur

77 391 136 449 hoec,
146 393 265 440 autetiam
277 393 301 438 in
312 392 348 439 his
355 393 447 440 labatur
457 399 480 438 et
487 391 561 449 cadat,
570 391 653 438 artifex
663 392 748 455 aliquis

77 455 198 516 judicabit.
225 455 345 504 Efficiatur
355 465 433 504 autem
444 459 474 503 ab
484 464 580 514 oratore,
592 469 671 513 necne,
682 457 746 513 urii,

79 521 121 582 qui
130 519 233 579 audiant,
242 521 275 568 ita
285 520 421 576 afficiantur,
432 529 460 567 ut
473 528 548 566 orator
558 519 621 578 velit,
632 520 698 582 volgi
711 536 748 567 as-

80 599 148 630 sensu
158 593 181 631 et
191 583 296 647 populari
306 585 469 648 approbatione
477 583 576 644 judicari
582 584 646 631 solet.
664 584 748 648 Itaque

80 662 203 710 nunqnam
214 649 313 696 debono
324 658 419 708 oratore,
431 658 529 696 autnon
539 651 609 707 bono,
620 648 692 696 doctis
705 649 749 696 ho·

80 711 184 760 minibus
194 727 248 760 cum
258 713 345 776 populo
356 713 465 760 dissensio
474 711 526 759 fuit.

114 775 145 822 L.
162 776 204 823 An
214 793 300 837 censes,
310 777 368 824 dum
376 777 411 824 illi
421 777 552 840 viguerunt,
561 792 620 840 quos
630 784 683 824 ante
690 775 748 834 dixi,

81 855 129 887 non
140 840 231 888 eosdem
241 841 326 904 gradus
336 851 454 889 oratorum
464 841 529 902 vulgi
537 841 624 901 judicio
634 849 657 888 et
672 841 750 888 docto-

82 901 136 950 ¹rum
146 903 235 953 fuisse?
252 905 290 953 De
298 906 383 969 populo
392 906 411 953 si
419 920 489 968 quern
497 905 530 951 ita
539 905 677 968 rogavisses:
689 905 750 964 Quis

83 975 117 1015 est
131 969 156 1014 in
171 969 214 1016 hac
228 970 318 1016 civitate
333 969 550 1033 eloquentissimus?
566 970 592 1016 in
608 969 713 1017 Antonio
727 979 751 1017 et

85 1032 167 1080 Crasso
181 1041 222 1080 aut
232 1033 355 1093 dubitaret,
366 1043 407 1081 aut
416 1035 479 1081 hunc
488 1033 556 1091 alius,
567 1034 635 1081 illum
646 1034 705 1082 alius
715 1034 751 1081 di-

83 1104 150 1143 ceret.
176 1096 283 1146 Nemone
298 1098 443 1162 Philippum,
456 1107 506 1144 tam
520 1113 614 1145 suavem
628 1107 750 1157 oratorem,

83 1168 132 1206 tam
142 1177 245 1223 gravem,
255 1171 303 1208 tam
311 1163 419 1220 facetum,
431 1163 468 1209 his
478 1162 607 1221 anteferret,
616 1177 686 1224 quem
697 1178 751 1210 nos·

84 1224 185 1288 metipsi,
205 1226 246 1288 qui
261 1226 310 1274 haee
326 1235 374 1274 arte
391 1227 471 1290 aliquis
488 1226 595 1273 volumus
613 1226 750 1287 expendere,

84 1289 217 1350 proximum
226 1290 271 1337 illis
282 1290 352 1338 fuisse
362 1291 483 1338 diximus?
501 1290 579 1336 Nemo
589 1289 696 1352 profecto.
721 1290 751 1349 Id

83 1353 228 1416 enimipsum
234 1355 466 1412 estsummioratoris,
471 1362 705 1401 summumoretorem
710 1369 752 1415 po·

83 1417 141 1480 pulo
148 1417 226 1465 videri.
238 1419 317 1477 Quare
325 1418 412 1483 [quod]
417 1418 501 1466 tibicen
507 1417 662 1479 Antigenidas
667 1417 752 1464 dixerit

82 1481 197 1544 discipulo
207 1498 261 1529 sane
271 1483 364 1546 frigenti
374 1483 404 1530 ad
418 1483 542 1546 populum,
560 1484 577 1508 ‘⁶
589 1481 654 1528 Mihi
663 1496 718 1528 cane
729 1489 752 1528 et

83 1545 163 1593 Musis
171 1547 196 1592 t'’
208 1562 250 1610 ego
257 1547 312 1595 huic
319 1549 394 1594 Bruto
402 1547 495 1605 dicenti,
507 1555 534 1592 ut
544 1546 609 1605 solet,
618 1544 681 1608 apud
690 1546 753 1592 mul-

83 1610 217 1670 titudinem,
232 1611 326 1658 “Mihi
337 1627 392 1659 cane
402 1621 425 1659 et
435 1611 530 1674 populo,
542 1610 576 1656 mi
586 1610 686 1670 Brute,''
701 1609 754 1656 dix-

83 1675 160 1730 erim;
177 1682 212 1732 ut,
228 1675 270 1738 qui
284 1676 387 1735 audiant,
403 1675 460 1739 quid
473 1675 598 1731 effictum
615 1690 666 1736 ego,
683 1674 753 1721 etiam

82 1755 127 1788 cur
134 1739 161 1785 id
169 1739 286 1799 efficiatur,
295 1740 429 1803 intelligam.
447 1739 527 1786 Credit
532 1738 568 1798 iis,
578 1755 631 1802 quus
638 1739 754 1797 dicuntur,

84 1801 129 1868 qui
139 1803 204 1850 audit
214 1812 342 1861 oratorem
359 1821 413 1852 vera
426 1812 502 1866 putat,
513 1804 643 1861 assentitur,
655 1805 753 1866 probat3

83 1868 158 1916 fidem
166 1867 220 1914 facit
231 1869 317 1916 oratio:
329 1877 364 1926 tu,
376 1867 467 1927 artifex,
479 1867 536 1930 quid
544 1867 627 1930 quaeris
635 1867 754 1930 amplius?

84 1933 222 1981 Delectatur
232 1933 327 1980 audiens
335 1932 469 1991 multitudo,
481 1941 504 1978 et
514 1931 606 1980 ducitur
613 1932 723 1989 oratione,
732 1939 756 1978 et

83 1997 154 2062 quasi
173 1996 290 2060 voluptate
308 1997 410 2060 quidam
428 1995 589 2060 perhmditur:
610 1996 667 2058 quid
685 1996 757 2042 habes

83 2061 151 2126 quod
166 2061 286 2123 disputes?
304 2061 404 2121 Gaudet,
420 2061 491 2118 dolet,
506 2059 573 2117 ridet,
588 2060 672 2122 plorat,
685 2058 755 2117 favet,

82 2125 145 2186 odit,
157 2124 290 2185 contemnit,
299 2125 394 2185 invi-det,
406 2125 435 2172 ad
443 2123 622 2172 miserioerdiam
630 2122 756 2182 indudtur,

83 2190 117 2239 ad
125 2189 271 2254 pudendum,
282 2189 312 2236 ad
319 2189 454 2252 pigendum,
465 2187 577 2241 irascitur,
589 2187 694 2244 miratur,
706 2202 758 2248 spe·

83 2262 132 2312 rat,
145 2253 226 2300 timet:
238 2253 287 2301 haec
297 2254 391 2317 perinde
401 2253 516 2310 accidunt,
527 2259 653 2310 uteorum,
665 2251 706 2313 qui
716 2251 757 2297 ad-

83 2327 152 2376 sunt,
164 2326 251 2365 mentes
260 2318 333 2366 verbis
342 2327 364 2365 et
372 2317 489 2365 sententiis
497 2325 520 2363 et
528 2317 616 2363 actione
624 2323 757 2362 tractantur.

84 2381 157 2442 Quid
168 2391 210 2441 est,
221 2381 284 2446 quod
295 2391 437 2445 exspectetur
447 2381 509 2428 docti
519 2381 616 2440 alicujus
626 2379 759 2426 sententia?

84 2446 163 2508 Quod
177 2444 240 2494 enim
254 2449 336 2510 prohat
350 2445 485 2503 multitudo,
495 2445 540 2491 hoc
551 2444 612 2491 idern
623 2443 695 2490 doctis
705 2458 760 2505 pro-

81 2511 194 2562 bandum
205 2519 253 2558 ests
266 2511 365 2576 denique
372 2511 416 2558 hoc
424 2509 539 2573 specimen
549 2516 584 2556 est
594 2507 712 2571 popularis
720 2508 759 2568 ju-

81 2576 151 2637 dicii,
170 2576 194 2622 in
205 2591 252 2639 quo
262 2591 383 2640 nunquam
395 2574 439 2621 fuit
450 2573 537 2636 populo
547 2588 601 2619 cum
612 2571 685 2619 doctis
692 2571 760 2617 intel-

80 2639 261 2706 ligentibusque
274 2640 389 2688 dissensio.
414 2638 476 2686 Cum
491 2637 560 2684 multi
574 2644 648 2684 essent
663 2643 763 2684 oratores
