1800 2892
120 97 676 183 necmnsonnronnnsnnjn.
702 102 751 180 irs

74 251 235 301 controversis.
260 251 342 300 Attius
351 245 435 305 'eutem
447 271 462 302 a
473 253 505 314 Qss
518 250 627 302 Maximo
641 247 751 318 quintum

74 317 750 382 oonsulecaptumTarentoscripsitLivium‚annisXXX.
800 356 804 363 .

75 391 138 446 poet,
151 396 224 444 quam
235 397 288 428 eum
299 382 404 448 fabulum
415 383 518 430 docuisse
529 392 552 430 et
559 384 653 431 Atticus
664 384 749 444 scribit,

76 455 100 494 et
111 461 155 494 nos
165 446 190 492 in
202 446 302 509 antiquis
310 447 481 494 commentariis
491 446 636 503 invenimus;
648 448 751 509 docuisse

77 520 159 573 nutem
169 507 274 572 fabulam
289 511 355 576 aunis
365 520 417 585 post
428 511 475 558 XI.
488 510 515 558 C.
528 513 643 569 Cornelio,
655 511 687 570 Q.
699 512 750 559 Mi-

76 575 149 624 nucio
166 575 306 633 consulibus,
324 575 386 622 ludis
403 575 544 635 luventatis,
562 591 620 638 quos
636 576 751 623 Salinator

77 638 177 686 Senensi
192 638 272 700 proelio
289 646 387 686 voverat.
411 638 441 685 In
458 655 505 702 quo
520 648 598 687 tantus
613 655 675 686 error
688 638 751 686 Attii

75 703 134 762 fuit,
150 712 186 761 ut,
204 702 240 750 his
255 702 395 760 consulibus,
412 703 468 750 xl..
486 719 558 751 annos
574 712 642 750 natm
657 701 750 750 Ennius

75 767 164 815 tuerit:
182 765 219 813 cui
236 781 290 814 cum
309 767 403 829 {equalis
420 767 490 814 fuerit
506 767 596 827 Livius,
611 768 688 814 minor
703 767 750 814 fuit

75 832 198 897 aliquanto
209 830 237 888 is,
249 831 290 894 qui
299 830 388 893 primus
399 831 503 879 fabulum
514 832 585 890 dedit,
595 831 699 895 quamii,
708 829 749 894 qui

75 897 166 943 multos
182 895 306 960 docuerant
321 904 375 942 ante
391 894 433 943 hos
448 896 560 956 mundes,
577 904 600 943 et
615 896 713 943 Plautus
728 904 751 943 et

74 959 184 1008 Naevius.
758 1001 764 1006 .

110 1025 184 1074 XIX.
202 1023 261 1071 Haec
272 1023 291 1071 si
302 1022 379 1072 minus
390 1032 444 1087 apte
454 1022 561 1073 videntur
574 1024 629 1072 huic
637 1022 748 1084 sermoni,

3 1145 5 1150 .
76 1089 163 1145 Brute,
178 1089 259 1136 Attico
277 1088 376 1150 assigna,
392 1089 433 1151 qui
448 1103 488 1136 me
501 1089 654 1138 inflammavit
672 1091 748 1138 studio

73 1153 203 1202 illustrium
218 1152 340 1198 hominum
351 1161 427 1199 {etates
438 1161 461 1199 et
476 1160 580 1216 tempora
589 1153 747 1216 persequendi.

73 1215 130 1280 Ego
142 1232 204 1276 vero,
215 1216 292 1279 inquit
302 1216 398 1275 Brutus,
410 1225 433 1264 et
443 1216 541 1265 delector
551 1217 596 1264 ista
606 1217 672 1278 quasi
682 1226 748 1264 nota·-

3 1301 5 1305 ’
72 1283 139 1330 tione
150 1289 297 1343 temporum
315 1288 337 1326 et
347 1278 416 1339 adid,
423 1279 486 1344 quod
496 1281 624 1341 instituisti,
631 1276 748 1328 oratoruni

3 1340 7 1366 '¹
71 1351 162 1410 'genera
174 1345 313 1407 distinguere
330 1344 443 1405 aetatibus,
458 1345 527 1392 istam
542 1343 686 1407 diligentiam
700 1358 748 1391 esse

4 1429 6 1433 ’
71 1409 271 1458 accommodatum
282 1417 347 1471 puto.

72 1481 77 1488 '
108 1473 191 1531 Recte,
206 1473 311 1537 inquam,
326 1473 409 1532 Brute,
427 1472 552 1536 intelligis:
570 1480 640 1536 atque
657 1471 747 1519 utinum

3 1537 10 1566 ³·
72 1545 193 1587 exstarent
201 1537 242 1584 ills
250 1536 360 1595 camina,
369 1553 430 1599 quae,
439 1537 520 1584 multis
526 1537 614 1584 suculis
622 1544 675 1584 ante
681 1552 748 1584 suam

5 1595 12 1629 ἶ
73 1600 178 1660 m,
189 1602 215 1650 in
226 1600 299 1664 epulis
311 1615 358 1648 esse
365 1601 474 1648 cantitata
483 1617 498 1648 a
505 1601 601 1663 singulis
611 1601 711 1649 convivis
719 1601 749 1649 de

3 1668 13 1728 ἦ
71 1669 192 1716 'clarorum
203 1665 304 1713 virorum
314 1664 429 1725 laudibus,
441 1665 466 1711 in
483 1666 500 1693 “
509 1664 662 1728 Originibus'’
677 1665 748 1729 scrip·

3 1736 8 1762 '³
73 1741 130 1779 tum
141 1729 235 1793 reliquit
246 1727 320 1778 Cato!
339 1729 430 1776 Temen
444 1727 515 1789 illius,
531 1744 601 1793 quem
616 1730 642 1776 in
656 1731 747 1778 vatibus

73 1802 100 1844 et
111 1794 200 1842 Faunis
211 1801 329 1857 enumerat
339 1793 440 1852 Ennius,
451 1793 540 1840 bellum
547 1794 672 1854 Punicum,
682 1794 749 1858 quasi
806 1808 809 1814 ·

3 1887 14 1920 ς,
77 1857 190 1923 Myronis
206 1871 273 1921 opus,
289 1857 392 1904 delectat.
420 1857 456 1905 Sit
472 1857 572 1922 Ennius,
592 1874 655 1918 sane,
671 1868 699 1906 ut
715 1867 749 1905 est

3 1945 17 1984 μ’
76 1934 150 1983 certe,
166 1923 301 1986 perlentium
319 1921 389 1984 quisi
403 1921 480 1980 illum,
491 1925 518 1968 ut
532 1923 634 1982 simulat,
646 1931 749 1971 oontem-

9 1988 10 1996 ’
73 1997 151 2047 neret,
168 2001 224 2046 non,
240 1986 319 2034 omnia
333 1985 395 2033 bella
409 2001 554 2049 persequens,
569 1986 672 2050 primum
688 1986 748 2035 illud

75 2053 197 2101 Punicum
213 2049 350 2098 acerrimum
365 2050 455 2097 bellum
470 2051 605 2114 reliquisset.
634 2050 680 2098 Sed
697 2051 748 2112 ipu

9 2173 11 2176 v
71 2117 140 2175 dicit,
153 2131 194 2164 cur
203 2115 228 2162 id
238 2113 320 2164 facian
340 2116 357 2145 ‘⁶
369 2113 503 2176 scripsere?
514 2115 600 2177 inquit,
617 2116 635 2142 “
646 2114 687 2161 alii
697 2127 747 2160 rem
846 2118 849 2123 '

8 2188 16 2210 '-
67 2179 220 2230 versibus''..
231 2214 252 2227 ..
264 2188 287 2228 et
296 2179 412 2227 luculente
436 2179 515 2226 uidem
521 2177 667 2241 seripserunt,
677 2177 747 2224 etium

9 2252 17 2281 ἱ
71 2247 94 2294 si
102 2245 191 2303 minus,
203 2259 274 2320 quam
285 2253 319 2302 tu,
329 2243 406 2306 polite.
450 2258 475 2290 ec
485 2258 538 2290 vero
549 2242 665 2290 unienter
675 2241 748 2288 videri

3 2311 18 2364 ’τὶ
70 2311 161 2365 debet3
180 2323 245 2372 quia
260 2308 344 2356 Naevio
358 2306 394 2354 vel
409 2305 511 2354 sumsisti
524 2307 607 2366 multa,
619 2306 639 2353 si
651 2305 746 2354 fateris:

3 2373 18 2437 §.j-
69 2375 118 2433 vel,
130 2373 240 2436 sinegus,
253 2371 388 2435 surripuisti.

5 2451 16 2478 ἰν
64 2441 67 2446 ’
95 2434 225 2486 ·Cumhoc
236 2435 323 2484 Catone
334 2432 465 2498 grandiores
476 2441 532 2480 natu
543 2433 639 2481 fuermt
651 2432 679 2480 C.
691 2431 748 2478 Fls-

3 2504 19 2546 ,i
67 2495 170 2560 minius,
189 2501 216 2548 G.
233 2501 316 2559 Varro,
334 2499 365 2559 Q.
382 2497 513 2555 Maximus,
530 2495 561 2555 Q.
579 2496 700 2551 Metellus,
717 2494 746 2541 P.

3 2571 19 2612 ς’
61 2567 201 2622 ¹Lentulus,
217 2565 245 2610 P.
258 2565 363 2619 Crassus,
380 2562 490 2624 quicum
505 2559 621 2621 superiore
635 2559 748 2606 Africano

3 2634 20 2676 ‘J'
63 2629 156 2678 ''oonnrl
167 2629 218 2676 fuit.
237 2629 319 2691 Ipsum
331 2626 463 2688 Scipionem
474 2623 604 2685 accepimus
614 2621 749 2674 noninim-

3 2694 23 2740 υἱ
104 2695 227 2752 (illector.)
240 2706 302 2739 von.
314 2705 332 2737 1.
511 2689 552 2734 21
