1800 2892
185 139 233 189 nn
244 124 421 205 cranous,
438 127 498 192 nin.
508 143 544 192 11.
557 115 624 192 'cm
633 123 673 191 is.
713 124 763 192 aio'

91 267 197 317 homines
208 277 232 317 et
241 280 302 320 meat
311 272 436 320 imitatores
450 280 473 321 et
489 280 615 321 narratores
629 272 721 331 faemos,
740 279 763 320 et

91 333 157 380 vultu
168 334 302 395 adjurante,
314 344 337 383 et
351 352 413 397 voce,
430 345 453 384 et
469 337 519 400 ipso
529 353 611 400 genere
625 336 761 394 sermonis)3

91 403 142 444 tum
160 413 215 446 vero
231 399 256 445 in
272 400 316 446 hoc
332 401 403 449 altero
420 401 552 460 dicacitatis,
572 401 628 465 quid
644 401 769 448 habetare

90 459 142 520 loci,
152 477 208 508 cum
217 472 270 510 ante
280 463 339 512 illud
349 463 448 512 facetum
460 465 547 512 dictum
558 465 666 512 emissum
676 464 762 514 haerere

89 524 181 585 debeat,
193 542 266 589 quam
274 529 367 590 cogitari
376 529 476 592 potuisse
484 529 587 576 videatur
597 531 607 576 ?
625 528 689 586 Quid
700 528 763 576 enim

89 587 127 636 hic
136 605 206 638 meus
220 590 291 638 frater
306 595 335 639 ab
346 593 507 654 arteadjuvari
517 593 601 656 potuit,
617 607 671 639 cum
681 607 695 638 a
706 592 764 638 Phi-

89 653 154 716 lippo
173 653 336 717 interrogatus,
355 657 412 719 quid
429 658 531 716 latraret,
553 657 665 704 “Furem
686 671 710 702 se
728 657 762 703 si-

85 716 170 777 ¹dere,”
188 720 324 781 respondit?
341 720 398 783 quid
415 721 440 767 in
459 721 523 768 omni
540 721 641 768 oratione
657 720 761 779 Crassus,

89 782 126 828 vel
137 783 202 845 apud
218 783 370 831 centumviros
387 794 465 832 contra
482 786 616 843 Scaevolam,
633 784 669 832 vel
685 791 764 831 contra

88 856 246 893 accusatorem
256 848 367 906 Brutum,
383 864 489 912 cumpro
501 848 544 896 Cn.
557 849 643 896 Planco
658 848 761 896 diceret?

88 909 155 956 Nam
166 909 201 969 id,
218 911 321 973 quod.tn
332 912 391 958 milri
400 913 491 972 tribuis,
509 913 607 974 Antoni,
626 913 707 960 crasso
718 919 761 972 est,

88 974 198 1020 omnium
217 975 337 1035 sententiis,
357 977 542 1024 concedendum:
563 992 609 1025 non
629 977 691 1024 enim
714 976 762 1022 fere
833 1023 836 1030 r

88 1037 216 1101 quisquam
226 1039 358 1102 reperietur,
369 1049 451 1103 praeter
459 1041 529 1100 hunc,
541 1041 566 1088 in
576 1050 673 1104 utroque
679 1055 762 1104 genere

88 1102 174 1164 leporis
186 1103 307 1161 excellens,
319 1112 341 1150 et
351 1104 400 1165 illo,
413 1104 475 1167 quod
485 1105 509 1152 in
517 1106 667 1168 perpetuitate
676 1119 761 1152 senno-

89 1166 171 1224 nis,‘et
182 1166 235 1226 hoc,
246 1167 309 1230 quod
320 1168 345 1214 in
356 1169 469 1216 celeritate
483 1177 552 1232 atque
563 1169 623 1216 dicto
638 1177 678 1216 est
696 1169 761 1214 Nam

88 1230 258 1293 haecpcrpetna
268 1240 346 1278 contra
354 1233 479 1283 Scaevolam
490 1233 592 1280 Curiana
603 1232 703 1279 defensio
714 1238 762 1278 tota

89 1293 231 1341 redundavit
241 1295 355 1343 hilaritate
365 1296 467 1359 quddam
478 1305 501 1344 et
508 1298 560 1358 joco
569 1313 576 1354 3
593 1296 653 1342 dicta
662 1295 704 1340 illa
711 1297 763 1342 bre-

90 1358 129 1404 via
139 1373 188 1406 non
202 1359 298 1406 habuitz
317 1363 423 1422 parcebat
435 1360 498 1407 enim
509 1359 631 1407 adversarii
641 1358 762 1420 dignitati3

86 1421 718 1536 ,ppuptiplsemeppptfflupuoffleffipp
726 1421 763 1532 id:

479 1522 487 1548 2

85 1547 180 1598 'tionem
190 1559 214 1598 et
224 1559 362 1614 temporum,
372 1562 396 1600 et
405 1567 441 1613 ea,
453 1568 506 1615 quae
516 1559 643 1610 occurrant,
654 1565 708 1598 cum
718 1550 763 1597 sal-

90 1614 182 1662 sissime
196 1615 242 1662 dici
255 1616 350 1678 possint,
361 1624 445 1663 tenere.
464 1617 546 1680 ltaque
557 1615 663 1664 nonnulli
672 1614 763 1662 ridiculi

84 1678 198 1736 ¹homines
208 1678 252 1726 hoc
265 1679 342 1743 ipsum
356 1695 403 1728 non
412 1680 500 1728 insulse
514 1681 697 1742 interpretantur.
718 1679 763 1726 Di·

89 1758 141 1790 cere
163 1743 227 1789 enim
243 1743 310 1790 aiunt
325 1744 439 1805 Ennium,
461 1745 478 1772 “
490 1744 609 1791 flammam
628 1759 642 1790 a
663 1743 764 1806 sapiente

89 1806 183 1855 facilius
193 1822 232 1854 ore
242 1808 267 1855 in
277 1807 370 1856 ardnte
383 1808 492 1872 opprimi,
504 1825 574 1880 quam
588 1810 649 1855 bona
659 1807 719 1854 dicta
730 1815 764 1854 te-

89 1879 146 1919 neat
153 1871 180 1917 :”
191 1871 241 1918 haec
248 1871 334 1919 stillost
343 1873 405 1925 bona
416 1872 485 1934 dicta,
497 1887 549 1934 qnae
563 1873 622 1919 salsa
632 1871 692 1919 sint:
707 1885 764 1918 nam

90 1951 118 1982 ea
130 1937 196 1982 dicta
209 1936 354 1998 appellantur
364 1936 456 1999 proprio
465 1937 515 1997 jam
523 1937 625 1985 nomine.

123 2000 181 2048 LV.
198 1999 252 2059 Sed,
269 2008 296 2046 ut
312 2000 336 2046 in
354 2001 480 2048 Scaevolam
494 2000 606 2048 continuit
621 1999 761 2057 eadmerus,

90 2072 161 2126 atque
179 2064 221 2110 illo
235 2065 306 2111 altero
322 2079 412 2127 genere,
429 2064 455 2110 in
470 2080 516 2127 quo
530 2064 590 2111 nulli
600 2064 674 2110 aculei
684 2071 763 2110 contu·

90 2128 217 2176 meliarnm
232 2128 330 2188 inerant,
348 2144 440 2176 canmm
456 2128 521 2175 illam
540 2127 764 2191 disputationemque

90 2192 164 2248 lusitr
177 2192 217 2250 sic,
228 2191 254 2238 in
264 2193 348 2251 Bruto,
360 2207 430 2256 quem
446 2192 532 2251 oderat,
549 2201 572 2240 et
582 2205 652 2254 quem
667 2189 764 2251 dignum

91 2256 233 2304 conmmelid
237 2256 363 2316 judicabat,
369 2264 467 2319 utroque
473 2271 554 2319 genere
560 2253 677 2319 pugnavit.
685 2254 765 2310 Quam

92 2321 170 2367 multa
181 2319 210 2366 de
220 2320 316 2380 balneis,
328 2337 385 2383 quas
395 2335 469 2383 nuper
483 2321 523 2367 ille
537 2318 676 2375 vendiderat,
693 2329 765 2377 quam

84 2385 170 2442 ,multa
181 2383 209 2431 de
220 2384 304 2431 amisso
313 2385 452 2447 patrimonio
463 2383 536 2430 dixit!
552 2389 621 2442 atque
630 2378 671 2424 1lla
678 2379 764 2450 brevia,

92 2464 148 2498 cum
159 2449 200 2495 ille
208 2448 300 2507 diceret,
307 2464 332 2495 se
339 2449 388 2495 sine
396 2448 464 2495 oeusd
472 2447 568 2499 andater
587 2445 604 2470 “
613 2441 766 2488 annemr·

94 2513 177 2572 rum,‘’
187 2513 280 2575 inquit;
298 2513 393 2559 “modo
406 2511 468 2558 enim
480 2508 548 2556 existi
558 2507 587 2552 de
596 2503 708 2551 balneis.''
725 2505 767 2551 In-

93 2576 250 2625 numerabilia
259 2575 419 2636 hujuscemodi
428 2574 531 2628 fuenmt,
543 2569 582 2616 sed
592 2580 638 2613 non
645 2567 722 2614 minus
728 2569 768 2628 ju·

85 2629 175 2690 ‘emsa
184 2641 226 2688 nn
236 2648 353 2704 perpetua.
370 2639 434 2687 oum
441 2636 504 2684 enim
514 2629 769 2681 emmanuelem
