1800 2892
165 108 213 159 Dll
229 108 409 174 oitA'itiitti,
426 112 535 162 Linll.
553 113 668 165 (linia
701 119 750 166 22³

84 238 162 298 nutis,
173 253 221 288 non
236 242 279 288 erit
293 244 332 296 (ut
345 242 436 305 opinor)
450 243 532 307 iniquis
545 244 647 308 pertitio,
659 245 686 307 si,
698 263 753 295 euni

84 320 126 367 ego
140 304 204 351 hune
219 315 341 365 oratorem,
358 322 428 370 quem
444 321 507 355 nunc
522 309 594 372 fingo,
611 319 638 357 ut
653 310 752 372 institui,
814 323 822 328 '

82 368 271 481 medua&
285 370 436 482 uonfirgiim
453 373 543 420 nodam
559 389 613 422 eum
628 373 718 438 Crasso,
731 385 754 424 et
799 399 807 414 κ

83 448 97 480 ι
186 449 228 480 uin
281 449 353 482 ornan
369 451 418 483 um.

115 496 182 544 Tum
189 467 294 558 (luimus,
305 499 346 545 Tu
355 515 418 559 vero,
429 501 513 564 inquit,
525 502 624 561 Antoni,
633 519 710 568 perge,
724 512 752 552 ut

83 560 210 636 instituisti.
228 562 312 625 Neque
322 564 385 611 enim
399 573 433 612 est
447 567 502 612 boni
516 581 592 629 neque
602 567 701 616 liberalis
712 585 753 632 pe-

84 634 164 685 tentis,
176 641 248 689 quem
258 628 414 689 procrearint
423 629 537 691 eduxerit,
548 645 603 678 eum
614 645 660 679 non
671 641 694 679 et
705 648 754 680 ves·

84 689 128 737 tire
144 698 168 736 et
184 705 280 747 omare3
301 693 427 768 presertim
441 709 497 741 cum
511 703 534 742 te
552 695 690 759 locupletem
706 712 755 744 esse

83 769 169 817 negare
186 769 234 802 non
250 770 329 818 possis.
349 756 420 815 Quod
437 759 500 806 enim
515 769 685 813 ornamentum,
702 777 755 824 quie

85 818 128 878 vis,
140 818 182 881 qui
193 819 293 878 sinimus,
304 837 357 884 quie
367 821 467 884 dignitus
477 823 512 870 illi
522 824 605 871 oratori
620 824 701 885 defuit,
713 825 755 888 qui
769 839 772 847 ·

84 883 110 929 in
120 883 191 930 euusi
201 884 328 946 perorandi
337 899 385 932 non
392 885 507 934 dubitavit
517 887 615 935 excitare
625 903 691 936 reum
702 905 756 937 eon·

86 948 196 1006 sulnrein,
206 955 228 994 et
239 949 288 1008 ejus
296 949 414 997 dilonosre
423 951 535 1012 tunicam,
545 961 568 999 et
573 952 690 1014 judicibus
697 953 756 1002 eice-

85 1011 264 1059 trieesndversas
272 1012 481 1076 emisimpeiotoris
489 1017 624 1065 ostendere?
636 1018 676 1081 qui
684 1018 756 1080 idem,

85 1076 129 1124 hoc
145 1085 267 1134 sociisunte
284 1077 395 1140 Sulpicio,
413 1094 468 1126 eum
486 1079 604 1128 hominem
623 1083 755 1131 seditiosum

86 1141 247 1204 lurionimque
257 1141 395 1201 defenderet,
406 1157 453 1190 non
464 1143 578 1191 dubitavit
588 1146 708 1196 seditiones
719 1149 755 1212 ip.

85 1220 122 1252 sss
132 1220 224 1264 ornare,
232 1220 259 1253 ae
269 1204 424 1254 demonstrare
433 1207 572 1270 gravissimis
580 1209 663 1268 verbis,
670 1212 756 1259 multos

85 1285 146 1333 sepe
154 1269 255 1332 impetus
262 1270 343 1333 populi
348 1285 396 1318 non
401 1271 498 1332 injustos
505 1287 553 1320 esse
560 1289 567 1328 ;
585 1287 643 1334 quos
650 1283 757 1336 prestere
807 1293 813 1306 ·

84 1349 155 1381 nemo
170 1333 257 1397 possin
274 1334 359 1382 multus
373 1336 443 1382 etiam
460 1352 473 1384 e
489 1351 515 1383 re
528 1337 622 1399 publici
635 1337 756 1386 seditiones

86 1414 147 1462 supe
158 1397 295 1459 oeseiiietss,
306 1406 334 1445 ut
344 1414 398 1447 eum
408 1415 472 1462 reges
483 1409 557 1448 esseut
570 1401 652 1462 exacti,
665 1410 691 1448 ut
702 1417 755 1450 eum

86 1462 212 1511 tribuniciis
226 1471 325 1526 potestas
343 1471 402 1511 esset
416 1465 552 1513 constitutis:
570 1465 635 1512 illam
651 1466 757 1515 Norbani

86 1527 232 1586 seditionem,
251 1542 280 1574 ex
291 1529 357 1575 luctu
371 1527 465 1588 civium,
481 1538 505 1576 et
519 1545 547 1576 ex
563 1529 677 1593 Coepionis
694 1531 755 1590 odio,

86 1593 128 1656 qui
144 1592 272 1639 exereitum
287 1592 402 1651 amiserat,
417 1608 492 1656 neque
506 1594 600 1657 reprimi
614 1595 722 1658 potuisse,
734 1605 757 1644 et

83 1658 137 1718 jure
149 1671 198 1703 esse
206 1655 335 1703 oonflutum.
352 1657 433 1704 Potuit
438 1657 476 1704 hie
482 1658 544 1706 loeus
552 1667 600 1706 tam
609 1674 699 1724 anceps,
707 1670 756 1708 teni

85 1719 216 1779 inaudims,
227 1729 276 1767 tum
286 1720 396 1779 lubricus,
404 1729 452 1768 ism
464 1735 544 1781 novus,
553 1723 602 1771 sine
609 1725 711 1787 quidam
721 1726 758 1772 in·

85 1775 618 1836 eredibiliviecisuiltatedieenditrseturi?
635 1789 758 1901 Qnideg)

85 1851 116 1898 de
126 1851 173 1898 Gn.
185 1848 282 1907 Manlii,
291 1848 348 1912 quid
358 1849 387 1896 de
398 1849 429 1908 Q.
439 1850 511 1912 Regis
519 1853 714 1901 eommiserstione
739 1854 757 1894 '-

84 1917 159 1975 osmi
175 1913 271 1977 quidde
281 1913 331 1960 tiliis
341 1913 566 1964 innumerabilibus?
582 1916 699 1980 inquibus
710 1931 757 1966 non

84 1979 129 2028 hoc
140 1978 247 2025 maxime
260 1977 351 2037 enituit,
362 1977 426 2040 quod
439 1971 483 2026 tilii
493 1993 572 2028 omnes
583 1981 652 2041 dunt'
659 1997 757 2030 acumen

118 2043 208 2092 oddsm
219 2042 349 2105 singulum
365 2041 533 2106 sedhnoipss,
544 2046 759 2119 quaenunosdme

84 2060 758 2220 fffflmoemperinteeximisetpraestmtie

111 2180 191 2221 erunt.

117 2235 221 2284 XXIX.
239 2235 305 2281 'lum
312 2235 418 2295 Cuttilus,
429 2234 482 2300 Ego
490 2253 552 2298 vero,
561 2238 645 2301 inquit,
657 2237 682 2284 in
693 2237 758 2285 vobis

85 2303 129 2351 hoo
139 2299 247 2348 maxime
257 2299 365 2346 sdmirmi
376 2300 445 2360 soleo,
461 2301 532 2364 quod,
544 2317 597 2350 eum
608 2301 667 2348 inter
678 2317 717 2349 vos
733 2303 759 2349 iii

85 2365 185 2414 dioendo
196 2363 345 2412 dissimillimi
355 2363 412 2423 sitis,
421 2365 454 2412 its
464 2371 542 2413 tumen
552 2375 649 2428 uterque
659 2369 760 2413 vestrim

85 2429 157 2490 diest,
168 2438 198 2476 ut
208 2429 230 2475 ei
240 2427 299 2474 nihil
309 2432 384 2491 neque
392 2443 406 2474 s
413 2431 497 2477 naturis
503 2431 650 2492 denegatum,
660 2445 734 2493 neque
745 2446 760 2478 ii

85 2493 193 2542 doctrine
204 2506 252 2539 non
262 2492 365 2540 delomm
377 2507 425 2539 esse
435 2494 546 2541 videatur.
570 2495 657 2552 Quare,
669 2493 759 2554 Crasse,

84 2555 650 2684 septim,
