1800 2892
122 117 172 165 234
210 113 258 162 llll
273 111 455 173 ORATORE‚
473 111 532 160 nm
543 111 578 160 II.
595 111 658 160 Cur.
668 113 708 185 40.

123 245 250 308 superbum
259 259 267 299 ς
290 258 361 291 suum
379 256 503 305 arroganst
526 239 641 289 utendum
658 241 730 305 igitur
750 241 794 292 fuit

123 309 218 358 oonsilio
228 311 326 355 mstis.
341 308 385 354 Sin
395 323 425 354 ex
436 307 555 366 voeabula,
567 315 595 353 ut
605 307 694 354 Carbos
709 307 735 355 Si
743 323 794 356 eon-

124 375 161 422 snl
170 381 212 431 est,
220 373 261 435 qui
269 373 368 420 oonsulit
374 371 463 434 punio,
473 371 529 435 quid
538 370 601 418 sliud
609 370 663 418 fecit
669 371 794 436 Opimius?

126 439 168 486 Sin
179 440 255 494 abeo,
267 437 330 500 quod
340 452 390 483 rem
400 436 507 498 attingat,
518 435 596 498 plures
606 443 661 483 mnt
673 451 795 498 argumen.

126 512 204 550 torum
215 501 278 548 sedes
289 517 315 549 se
324 502 383 548 loci:
398 515 454 546 nom
466 508 488 548 et
498 501 620 560 oonjunota
628 515 766 564 quaeremus,
775 509 796 549 et

128 582 221 629 genens,
230 574 254 613 et
260 574 337 628 partes
343 565 464 628 generibus
471 565 592 624 subjectas,
600 574 623 610 et
629 565 796 627 similitudines,

129 641 152 679 et
167 630 372 689 dissimilitudines,
386 639 409 677 et
422 629 542 687 contraris,
554 637 577 676 et
592 630 762 692 consequenda,
777 639 799 678 et
889 655 890 658 ¹

130 703 289 753 nomentanos,
301 703 324 742 et
336 694 403 757 quossi
416 692 586 756 praeourrentie,
602 701 625 740 et
639 695 815 756 repugnantim*

130 769 155 808 et
168 775 248 807 osusm
261 775 339 806 renum
350 757 521 820 vestigabimus,
534 766 557 804 et
571 772 606 817 es,
620 773 673 821 quae
687 774 717 806 ex
728 758 800 807 oensis

130 833 181 872 ortu
192 832 260 879 sunt3
277 832 300 870 et
310 824 407 883 majore,
418 821 491 885 pario,
502 821 600 879 minore,
612 838 750 885 quaeremus.

163 889 219 935 XL.
236 887 276 934 Ex
291 887 419 948 oonjunotis
433 887 465 934 sie
479 894 615 948 argumento
627 886 760 935 nummum
777 889 802 937 Si

132 953 212 1017 pietati
230 966 323 998 summu
338 951 461 998 tribuendo
479 951 530 997 leus
546 958 587 1010 est,
604 950 691 998 debetis
707 954 803 1014 moveri,

132 1028 187 1064 oum
197 1016 229 1074 Q.
239 1016 364 1063 Metellum
379 1024 428 1063 tom
442 1015 480 1078 pie
494 1015 573 1076 lugere
588 1014 689 1062 videatis.
714 1016 755 1064 Ex
765 1034 805 1080 ge·

66 1077 70 1084 '
133 1095 187 1128 nere
201 1088 293 1126 sutemz
314 1081 340 1127 si
353 1080 501 1142 magistratus
515 1079 540 1126 in
555 1079 636 1141 populi
650 1079 754 1128 Romani
764 1097 805 1146 po.

133 1154 215 1192 testate
229 1159 276 1192 esse
290 1144 383 1202 debent,
398 1143 456 1207 quid
471 1144 609 1190 Norbanum
624 1159 725 1205 accusas,
739 1147 805 1208 cujus

133 1210 265 1256 tribunatus
272 1208 385 1256 voluntati
392 1207 470 1272 paruit
477 1207 591 1255 civitatis?
607 1207 806 1271 Experteautem

135 1275 171 1331 el,
183 1289 236 1338 qnae
250 1282 284 1321 est
298 1275 401 1335 subjssoto
414 1272 507 1334 generi:
531 1271 557 1319 Si
571 1287 659 1331 omnes,
673 1274 716 1336 qui
731 1275 808 1338 reipu-

133 1339 200 1386 blioae
214 1339 345 1397 oonsulunt,
356 1337 403 1384 otri
414 1336 481 1384 nobis
492 1351 539 1384 esse
550 1335 641 1396 debent,
653 1347 714 1385 certe
724 1339 751 1386 in
761 1340 809 1403 pri.

134 1404 179 1451 mis
189 1405 344 1466 imperotores,
355 1416 455 1465 quorum
466 1400 573 1459 consiliis,
585 1401 677 1461 virtute,
689 1403 807 1466 periodis,

134 1468 260 1516 retinemus
270 1477 293 1514 et
304 1475 405 1514 nostram
415 1467 522 1524 sulutem,
532 1474 554 1512 et
561 1465 653 1527 imperii
660 1466 807 1529 dignitatem.

135 1532 175 1579 Ex
186 1532 336 1578 similitudine
345 1539 422 1578 nutem
432 1547 438 1576 ι
454 1530 479 1577 Si
487 1530 541 1577 ferse
548 1541 628 1592 porois
636 1545 688 1577 suos
696 1531 809 1595 diligunt,

136 1596 184 1658 qui
194 1610 236 1642 nos
246 1597 271 1642 in
281 1596 365 1643 liberos
374 1603 463 1642 nostros
473 1593 617 1656 indulgentiis
625 1609 672 1642 esse
680 1594 811 1647 debemus?

137 1660 173 1706 At
189 1675 218 1706 ex
233 1659 433 1706 dissimilitudine:
455 1659 480 1706 Si
494 1660 644 1705 barbarorum
659 1667 693 1706 est
707 1660 734 1708 in
749 1662 812 1710 diem

137 1723 222 1783 vivere,
233 1733 311 1771 nostro
320 1723 415 1771 connlis
425 1722 591 1786 sempiternum
604 1731 696 1786 tempus
710 1735 814 1802 spectare

137 1787 228 1835 debent.
248 1791 329 1851 Atque
340 1797 438 1851 utroque
447 1788 473 1834 in
484 1802 566 1849 genere
576 1794 599 1834 et
609 1787 779 1852 similitudinis,
791 1800 815 1839 et

138 1851 338 1911 dissimilitudinis,
349 1853 457 1916 exempla
467 1859 521 1899 sunt
532 1867 561 1898 ex
574 1851 673 1899 oliorum
683 1852 760 1915 fectis,
772 1864 814 1904 out

138 1916 212 1975 distis,
224 1926 265 1964 aut
275 1917 369 1975 eventis,
378 1926 402 1964 et
408 1917 468 1964 fictae
475 1916 614 1963 narrationes
622 1932 683 1980 saepe
689 1921 814 1981 ponenda,

138 1981 196 2028 Jsm
215 1995 245 2027 ex
263 1981 390 2029 eontrarioz
412 1982 438 2029 Si
456 1980 573 2028 Gracchus
589 1981 683 2040 nefarie,
703 1986 815 2048 praeolnre

139 2044 256 2108 Opimius.
273 2045 313 2093 lix
321 2044 524 2109 oonsequentibuss
540 2046 565 2092 Si
576 2053 598 2092 et
608 2045 669 2093 ferro
679 2047 815 2098 interfectus

139 2109 188 2169 ille,
199 2105 258 2157 etto
269 2110 376 2158 inimicus
388 2111 439 2170 ejus
451 2123 506 2156 cum
517 2109 594 2171 gladio
604 2119 698 2158 oniento
709 2127 816 2177 eompre-

139 2175 225 2221 bensus
243 2189 268 2222 es
282 2175 307 2222 in
323 2175 364 2221 illo
379 2173 430 2237 ipso
445 2174 504 2233 loon,
522 2181 545 2220 et
559 2187 628 2221 nemo
642 2184 727 2237 prater
743 2186 768 2225 te
784 2179 818 2228 ibi

140 2239 254 2296 visusest,
266 2239 473 2298 etoeusonemini,
485 2239 743 2302 ettusemperoudsxg
758 2243 818 2306 quid

139 2302 257 2364 estquod
271 2302 301 2348 de
313 2302 414 2349 facinore
427 2302 533 2350 dubitare
547 2303 680 2365 possimne?
703 2304 745 2352 Ex
761 2322 817 2356 oon-

139 2365 260 2423 sentoneis,
278 2374 301 2412 et
318 2367 518 2428 procurrentibus,
538 2374 561 2428 et
635 2369 771 2430 gnoutibum
790 2381 818 2421 ut

138 2426 196 2472 olim
207 2427 303 2475 Crassus
313 2429 457 2476 odolescensi
480 2431 544 2489 Non,
559 2430 578 2477 si
616 2431 718 2494 pimium
733 2433 817 2484 defen.

140 2486 202 2558 (listi,
216 2491 391 2551 Carbo,idoiroo
405 2501 428 2540 te
442 2493 481 2540 isti
496 2496 584 2540 bonum
598 2495 673 2542 civem
685 2501 815 2559 putabunt.

139 2548 266 2601 &mulino
284 2564 356 2614 teset
372 2556 437 2603 uliud
454 2557 512 2619 quid
528 2560 645 2621 quulsse,
663 2562 816 2624 perspicuum

138 2616 182 2669 “S
196 2616 260 2673 quod
274 2619 422 2669 'PiGroothi
435 2629 535 2670 mortem
550 2637 610 2688 sepe
623 2623 649 2672 in
664 2625 816 2678 doemonibus
