1800 2892
117 125 165 174 ns
176 125 619 189 cnsmsonaronmosmsr.
630 127 668 175 la
693 125 740 180 stt

76 253 370 320 uoiritquemviruml
388 255 512 311 Diibonil
528 256 598 305 mitto
612 256 747 314 rimant

76 326 213 378 seriatorem,
231 329 272 368 sut
289 319 466 395 imperatorem:
490 330 603 368 oratorem
622 321 684 368 enim
701 318 747 368 hoc

76 383 127 430 looo
137 384 277 458 querimus:
295 401 347 448 quis
357 385 398 433 illo
408 385 499 447 gravior
507 384 673 432 inlaudando?
683 399 747 432 aoer·

76 447 127 496 bior
142 463 167 495 rn
183 448 352 512 vituperando?
368 450 393 497 in
408 449 525 496 sententiis
535 448 653 511 argutior?
669 449 694 496 in
705 447 747 495 do·

76 511 149 560 oendo
164 512 352 576 edisserendoque
368 513 493 561 subtilior?
510 513 611 560 Refertae
626 520 681 560 sunt
695 527 746 559 ora-

76 575 149 622 tiones
164 577 264 640 amplius
278 586 371 625 eentum
386 575 555 641 quinquaginta
569 580 637 641 (quas
650 575 745 639 quidem

77 639 153 686 adhuc
163 639 298 699 invenerim,
309 653 333 690 et
342 641 448 705 legerim)
459 650 482 689 et
488 641 563 688 verbis
573 650 597 688 et
606 642 674 688 rebus
680 639 745 686 illus·

76 703 157 750 tribus.
175 704 241 752 ldcet
249 721 278 752 ex
284 705 321 752 his
329 706 415 768 eligant
423 721 458 764 ea,
466 721 519 768 quar
524 705 641 752 notatione
647 713 670 752 et
676 703 746 752 laude

75 767 148 829 digna
158 767 218 826 sint;
235 785 315 818 omues
329 770 432 817 oratorie
442 769 538 816 virmtes
552 769 578 815 in
589 768 621 816 eis
631 769 746 831 reperien-

76 839 122 880 tur.
146 831 203 880 Jam
219 849 272 881 vero
289 837 307 862 “
318 832 442 896 Origines”
458 835 509 894 ejus
524 849 595 895 quem
610 833 689 880 florem
704 839 746 878 aut

76 895 142 1006 quod
151 896 232 944 lumen
243 897 378 961 eloquentia
386 912 433 946 non
439 897 545 946 habent?
561 897 686 946 Amatores
691 895 746 943 huie

94 968 169 1019 esiam,
184 961 259 1020 sicuti,
275 961 356 1008 multis
367 963 418 1022 jam
432 970 485 1009 ante
499 961 595 1022 smus,
611 971 634 1010 et
649 960 747 1009 Philisto

76 1023 208 1086 Spaniam,
220 1033 242 1072 et
253 1026 297 1089 ipsi
307 1025 447 1088 Thucydidi
471 1026 544 1084 Nam,
557 1034 584 1073 ut
597 1026 681 1073 borum
691 1039 745 1073 oon-

76 1087 129 1135 eisie
140 1089 265 1150 sententiis,
276 1089 606 1138 interdumetiamnonsatiss
655 1090 746 1149 ‘‚orm

76 1152 197 1211 brevitate,
214 1161 266 1200 tum
281 1154 354 1202 nimio
370 1153 477 1201 acumine
495 1154 565 1201 officit
621 1167 748 1217 eupompus

76 1215 176 1264 elatione
192 1226 262 1280 atque
277 1218 399 1266 altitudine
415 1217 522 1265 orationis
537 1233 585 1264 suae
599 1217 672 1280 (quod
684 1217 746 1263 idem

77 1279 156 1342 laysiae
163 1280 353 1340 Demosthenes);
363 1282 394 1330 sic
399 1282 493 1330 Catonis
499 1281 626 1329 luminibus
634 1279 748 1328 obstruxit

75 1343 127 1392 hren
138 1346 289 1408 posteriorum
300 1347 366 1409 quasi
376 1357 515 1409 exaggerata
524 1345 593 1392 altius
603 1345 682 1392 oratio.
700 1342 746 1390 Sed

75 1415 101 1456 et
111 1409 136 1455 in
151 1409 234 1456 nostris
249 1410 338 1458 inscitia
348 1412 397 1469 est!
406 1411 470 1473 quod
479 1410 497 1457 ii
508 1409 562 1472 ipsi,
574 1409 615 1472 qui
625 1409 650 1455 in
661 1407 747 1455 Grecis

74 1473 215 1536 antiquitate
224 1474 374 1533 delectantur,
386 1475 459 1538 eique
473 1474 607 1531 subtilitate,
619 1488 690 1536 quam
700 1472 748 1518 At·

75 1537 149 1584 tioam
163 1538 289 1600 appellant,
304 1539 364 1586 hano
378 1539 403 1586 in
414 1539 502 1586 Catone
512 1553 559 1584 nou
573 1545 685 1584 noverunt
696 1535 748 1598 qui-

75 1600 140 1649 dem.
167 1601 295 1665 Hyperide
306 1604 387 1651 volunt
397 1619 445 1651 esse
459 1612 482 1650 et
493 1602 576 1665 Lysim.
593 1600 691 1649 laudo:
709 1599 749 1648 sed

74 1680 119 1712 eur
129 1665 214 1713 nolunt
225 1666 339 1715 Catonis?
355 1667 436 1716 Attiou
450 1682 534 1730 genere
548 1665 638 1713 dicendi
652 1681 677 1713 se
690 1680 749 1729 gau-

75 1729 132 1777 dere
152 1729 240 1777 dicunt.
264 1730 383 1794 Sapienter
396 1731 421 1779 id
438 1731 540 1795 quidem.
562 1731 644 1794 Atque
658 1730 749 1778 utinam

74 1793 233 1854 imitarenttu,
245 1810 286 1841 neo
301 1811 351 1843 ossa
361 1797 445 1854 nolum,
461 1795 501 1843 sed
516 1795 585 1843 etiam
596 1794 748 1857 sauguinem!

76 1858 181 1905 Gratum
192 1867 226 1906 est
236 1867 322 1919 tamen,
334 1861 397 1924 quod
411 1861 499 1907 volunt.
522 1859 572 1906 Cur
585 1859 656 1922 igitur
666 1859 750 1922 Lysias

75 1931 101 1970 et
112 1923 247 1986 Hyperides
258 1934 373 1985 emautur,
383 1939 437 1972 oum
443 1923 536 1988 penitrrs
542 1924 660 1986 ignoretur
671 1923 748 1970 Cato?

74 1987 209 2050 Antiquior
224 1996 258 2035 est
273 1989 343 2049 hujus
360 2002 443 2047 sermo,
463 1997 487 2036 et
502 1988 609 2051 quiedam
623 1987 751 2034 horridiora

74 2055 166 2099 verba:
184 2051 217 2098 ita
232 2052 294 2099 enim
309 2062 360 2100 tum
376 2055 387 2101 l
416 2055 544 2101 uebantur:
561 2052 587 2099 id
600 2060 674 2109 muta,
686 2049 750 2113 quod

74 2124 129 2162 tum
139 2115 180 2162 ille
190 2130 237 2162 non
247 2117 331 2179 potuit,
343 2069 430 2164 etsdde
438 2132 562 2173 numeros;
580 2115 628 2179 [et]
637 2115 711 2178 aptior
721 2113 750 2161 sit

73 2181 170 2227 oratio:
194 2179 244 2242 ipsa
261 2183 330 2228 verbe
349 2197 469 2245 oompone,
485 2190 509 2229 et
524 2180 591 2244 quasi
607 2186 749 2241 coagmenta,

74 2245 143 2307 quod
159 2259 189 2292 ne
205 2245 280 2293 Greci
297 2245 391 2309 quidem
406 2255 492 2294 veteres
506 2245 680 2292 factitaverunt:
700 2244 750 2304 iam

74 2309 199 2356 neminem
210 2318 333 2372 antepones
340 2309 430 2358 Catoni.
447 2309 534 2358 Ornari
541 2309 667 2358 orationem
674 2306 751 2354 orsu

74 2380 174 2436 putant,
190 2373 209 2420 si
223 2376 344 2422 verborum
359 2374 560 2422 immutationibus
573 2381 677 2429 utaubrn
693 2386 751 2434 quos

74 2437 200 2500 appellant
209 2445 310 2499 Τροπους,
323 2448 346 2487 et
358 2440 523 2487 sententiarum
537 2437 691 2499 orationisque
703 2435 752 2483 for·

74 2501 132 2559 mis,
142 2516 197 2565 quae
204 2511 285 2550 voernt
296 2512 414 2568 Σχηματα.
431 2503 488 2551 Non
498 2501 620 2553 vulsimile
630 2509 671 2558 est,
679 2514 751 2562 quam

74 2566 107 2613 rit
117 2565 144 2612 in
156 2574 255 2629 utroque
264 2583 347 2629 genere
357 2577 381 2616 et
391 2569 469 2616 creber
479 2576 501 2614 et
511 2566 631 2614 distinem
642 2564 707 2612 Cato.

109 2629 215 2680 XVIII.
232 2631 284 2679 Nee
294 2647 347 2694 verq
358 2632 447 2695 ignoro,
454 2630 558 2678 nondum
569 2644 617 2678 esse
627 2627 682 2676 setis
691 2626 753 2694 poli·
