1800 2892
9 93 10 142 3
158 120 206 169 eoo
238 118 285 167 nn
302 119 482 181 onsnonn
499 120 559 167 ms.
572 118 607 166 11.
625 118 688 166 cn.
702 114 742 167 ao.

156 245 269 295 utendum
278 246 372 305 multis,
387 246 523 306 illustribus,
535 246 660 311 explicatis,
676 243 772 292 modieis
785 241 819 289 in·
895 276 896 289 ,

155 311 272 371 ωηιίὶίες
288 312 428 375 imaginibus
438 320 516 368 autem
527 310 654 375 agentibus,
671 310 769 367 scribtis,
784 306 820 353 in·
895 348 896 355 ,

155 374 253 437 signius,
269 391 323 439 quae
337 392 461 435 occurrere,
477 375 623 438 celeriterque
639 382 757 437 percutere
773 370 821 417 ani·
895 394 896 397 ¹

144 434 148 443 '
156 454 232 498 mum,
239 440 333 503 possint.
350 438 430 499 Quam
438 440 571 487 facultatem
579 436 738 486 etexerofflo
744 434 822 490 dubim
895 452 896 473 t

157 518 187 550 ex
198 504 246 566 qus
260 504 400 552 amoueo
410 503 525 567 ἕψω
543 512 566 571 p
580 502 691 550 emnium
701 502 823 548 verborum
895 480 896 557 I

159 582 268 615 conversa
278 576 301 615 et
311 569 438 617 immutata*
444 567 540 624 casibus,
552 575 593 613 eut
606 566 711 613 traducta
721 580 750 611 ex
761 570 824 627 perte

157 631 188 678 ad
198 646 271 693 genus
280 632 375 690 notatio,
383 640 414 692 et,
421 632 491 678 unios
501 631 564 679 verbi
574 630 683 692 imagine,
694 628 765 675 totius
776 642 825 675 seu·

159 697 236 742 tentiae
246 696 384 754 informatio,
395 695 487 757 pIotoris
501 694 620 755 cujusdam
637 693 724 741 summi
737 692 824 739 ratione

159 767 182 806 et
192 758 269 818 modo,
280 760 407 806 formarum
417 758 525 807 varietate
534 759 595 805 looos
606 755 776 820 distinguentis.

191 822 363 870 LXXXVIII.
376 823 421 871 Sed
429 824 551 870 verborum
556 821 675 881 memoria,
684 836 738 883 quse
745 820 824 867 minus

159 895 193 933 est
209 886 274 934 nobis
289 886 421 946 neoesmrie,
431 888 518 948 majore
528 886 657 948 imaginum
668 884 778 932 varietate
792 884 825 931 di-

96 998 98 1004 ,
158 950 296 1012 stinguitur:
313 951 388 998 multa
398 950 460 998 enim
471 957 525 998 sunt
535 952 611 1009 verbs,
623 947 686 1013 quae,¹
695 948 764 1011 quasi
772 948 825 995 arti-
895 948 896 999 I

158 1014 362 1071 caticumenum
376 1017 481 1062 membra
495 1014 610 1074 orationis,
621 1028 674 1076 que
685 1012 784 1059 formari
797 1012 826 1059 si-
895 1002 896 1077 I

158 1076 360 1125 milimdiuenult
365 1088 475 1142 possunt=
492 1092 570 1125 eorum
578 1076 766 1139 fingendaenobis
772 1084 825 1123 sunt
895 1084 896 1125 ἰ

158 1141 279 1203 imagines,
290 1142 375 1205 qussrus
385 1158 475 1205 semper
489 1150 589 1189 utamur.
612 1140 703 1188 Rerum
713 1140 825 1187 memoria
895 1128 896 1209 I

158 1205 412 1269 propriaestoratoris:
429 1204 825 1281 eam,dngulispersonisbenepo-
895 1210 896 1269 t

159 1268 437 1333 sitis‚notarepossumus,
445 1277 473 1316 ut
481 1269 602 1317 sententies
608 1268 758 1331 mugitibus,
766 1268 826 1315 ordi-
895 1282 896 1295 ¹

159 1348 215 1381 nem
221 1334 285 1392 Iods,
293 1333 518 1408 eomprehendamus.
535 1334 619 1397 Neque
625 1340 755 1391 vmumest,
765 1332 827 1395 quod
895 1312 896 1369 I

160 1400 190 1445 ab
206 1398 316 1446 inertibus
331 1397 422 1458 dieitur,
433 1396 532 1471 opprimi
546 1396 680 1444 memorium
694 1395 826 1457 imaginum
895 1422 896 1461 j

159 1462 268 1525 pondere,
279 1471 302 1509 et
316 1462 430 1509 obscurari
444 1470 514 1509 otram
530 1460 562 1520 id,
574 1461 636 1523 quod
651 1474 693 1523 per
708 1474 732 1507 se
743 1468 826 1507 natura
895 1476 896 1525 ,

159 1532 236 1572 tenere
245 1526 361 1588 potuisset.
378 1525 434 1572 Vidi
442 1524 505 1572 enirn
516 1540 558 1587 ego
568 1538 669 1577 summos
679 1522 795 1582 homines,
804 1532 826 1571 at
895 1532 896 1549 ¹

160 1588 238 1635 divini
244 1605 315 1652 prope
329 1589 448 1648 memorii,
456 1588 556 1636 Aduenis
564 1587 727 1647 Charmsdam,
735 1588 826 1635 inuste

160 1654 242 1714 (quem
257 1653 332 1701 urere
347 1652 415 1701 hodie
430 1652 505 1711 aiunt)
521 1650 639 1715 Scepsium
653 1650 824 1710 Metrodorum,

159 1728 258 1777 quorum
275 1725 379 1791 uterque,
399 1725 519 1781 tamquam
538 1716 608 1762 literis
623 1715 648 1761 in
668 1714 729 1775 ceri,
748 1715 781 1762 sie
799 1730 824 1761 se

158 1779 234 1825 aiebat
243 1780 382 1843 imaginibus
391 1780 416 1827 in
426 1781 455 1827 iis
465 1780 528 1839 lotis,
537 1794 594 1843 quos
603 1778 705 1838 haberet,
713 1794 767 1841 quse
774 1794 824 1826 me-

159 1842 252 1890 minisse
266 1844 343 1905 vellet,
358 1845 502 1907 persenirere.
519 1844 598 1901 Quare
607 1843 651 1907 heo
661 1842 823 1889 exercitatione

159 1921 206 1953 non
217 1906 317 1955 eruenda
326 1908 438 1956 memoria
448 1915 490 1967 est,
500 1906 519 1953 si
530 1914 563 1955 est
570 1907 635 1953 nulla
642 1906 769 1963 neamalis3
786 1906 825 1953 sed

159 1979 227 2030 uerte,
238 1971 258 2018 si
267 1972 331 2031 htet,
343 1971 458 2019 evocanda
467 1980 508 2019 est.
539 1974 544 1983 ’

191 2034 289 2083 Habetis
300 2050 427 2083 sermonem
437 2037 496 2083 bene
506 2035 603 2095 longum
612 2032 721 2093 hominis,
733 2034 825 2081 utinam

159 2111 205 2146 non
213 2098 368 2161 impudentis3
384 2098 443 2145 illud
450 2098 545 2162 quidem
552 2105 620 2157 certe,
628 2097 825 2145 nonnimisvere-

159 2163 244 2219 cundi3
267 2162 429 2226 quiquidem,
449 2170 501 2209 tum
521 2168 552 2220 te,
570 2161 661 2220 Catule,
680 2169 733 2208 turn
753 2162 825 2208 etiem

158 2226 286 2274 11.me
303 2226 417 2286 audiente,
432 2224 565 2273 dedicandi
582 2225 668 2272 ratione
683 2233 733 2271 tam
747 2225 825 2272 multa

158 2289 271 2346 dixerim
288 2304 342 2337 nam
353 2291 449 2337 istorum
466 2298 519 2336 aetas
530 2287 607 2335 minus
621 2303 659 2335 me
669 2288 763 2337 fortasse
772 2302 826 2336 mo-

158 2366 210 2399 vere
220 2353 306 2415 debuit
327 2354 373 2402 Sed
388 2354 447 2401 mihi
461 2353 579 2415 ignoscetis
594 2352 703 2415 profecto,
715 2352 825 2413 simodo,

157 2429 211 2475 que
220 2432 288 2465 eeusa
301 2432 340 2464 me
354 2417 385 2465 ed
397 2418 459 2468 hanc
468 2418 584 2465 insolitam
593 2416 653 2465 mihi
662 2416 826 2481 loquacitatem

147 2476 282 2585 impulerit,
294 2481 429 2545 acceperitis·

211 2540 333 2591 XXXIX.
350 2545 401 2593 Nos
407 2560 469 2605 vero,
477 2544 554 2610 inquit
560 2545 665 2605 Catulus,
675 2545 770 2599 (etenim
778 2560 824 2609 pro

154 2612 193 2676 me
202 2601 254 2664 hoc,
263 2616 286 2654 et
296 2623 338 2670 pro
348 2624 400 2658 meo
410 2608 489 2671 fraue,
497 2610 632 2674 respondeo)
640 2624 687 2658 non
697 2610 767 2659 modo
778 2609 823 2658 tibi
