1800 2892
185 131 233 185 nn
249 133 428 198 ORATORE,
447 134 508 183 ins.
517 132 555 183 11.
571 131 634 182 Gne.
644 132 684 188 74·
723 132 769 189 nti
859 156 861 161 ·

98 261 152 311 dnm
161 264 235 327 loqui,
246 265 286 313 sed
294 264 323 314 de
330 262 495 314 exerdtetionis
503 270 527 311 et
533 260 702 310 eonsuetudinis
710 276 772 310 mess

97 328 258 376 mediocritate.
282 328 358 377 Crassi
374 328 468 391 quidem
485 340 618 389 responsum
636 326 768 374 exoellentis

54 398 58 401 ’
96 391 537 455 eujusdnmestingeniioesingtdtsris3
550 388 768 453 ntiquiddempor.

342 457 348 467 “
440 452 766 519 epossenliqueminveniri

94 527 217 578 oratorem,
229 520 270 583 qni
283 520 371 583 aliquid
384 520 441 567 mali
453 520 536 566 fsoeret
549 515 652 573 dioendo,
667 518 767 565 obesset

95 597 142 645 que
153 583 182 641 ei,
194 598 264 646 quem
274 584 418 632 defenderet:
436 583 491 630 facit
503 581 566 629 enim
578 580 607 626 de
618 594 641 626 ee
652 582 767 641 oonjeetn.

94 660 162 702 rom3
180 647 470 709 mjustontovisingenii
485 654 527 705 est,
542 642 767 702 utneminem,nisi

94 710 208 768 consulto,
219 719 293 773 putet,
305 711 367 774 quod
374 721 453 759 sonno
460 710 559 772 seipsum
568 708 605 765 sit,
614 707 703 765 dinem
716 708 766 760 (sed

94 773 365 837 egonondepraestonti
379 774 480 838 quidam
495 782 518 821 et
532 771 625 829 eximii,
642 770 682 819 ted
696 786 768 835 prope

94 836 125 883 de
135 838 225 900 vulget-i
235 846 259 885 et
268 839 387 886 oommuni
395 837 518 901 prudentii
527 836 628 899 disputo)
636 851 645 890 ς
662 843 689 881 ut
703 836 767 899 opud

95 900 189 948 Graeoos
203 901 275 950 ferme
289 902 416 950 inmedibili
430 901 531 964 quidem
543 899 702 961 magnitudine
712 914 767 947 oon-

93 964 141 1010 tilii
155 973 224 1028 etque
237 966 325 1029 ingenii
338 966 488 1013 Atheniensis
500 964 540 1011 ille
554 964 624 1011 misse
634 963 766 1011 Themisto-

93 1028 155 1084 dett
173 1027 203 1075 ed
213 1045 283 1092 quem
294 1029 389 1103 quidam
399 1030 479 1077 doctus
488 1028 566 1086 homo,
575 1037 644 1091 etque
652 1028 676 1075 in
683 1028 765 1091 primis

93 1091 205 1151 eruditus,
224 1108 341 1141 sooesstsse
358 1093 449 1151 dieitur,
467 1092 533 1155 eique
549 1101 622 1139 ortem
637 1091 763 1152 memorie,

93 1158 337 1268 memmi?
344 1157 526 1284 sititis
535 1154 655 1281 iffi
667 1170 766 1267 ῗιῒιξ

94 1283 184 1331 effioere
193 1293 277 1346 posset,
288 1284 373 1332 dixisse
381 1285 450 1331 ilium
459 1284 582 1340 doctorem,
591 1291 618 1328 ut
627 1282 705 1329 omnio
715 1296 764 1329 me-

93 1346 215 1404 minisset;
236 1358 260 1396 et
275 1348 296 1395 ei
312 1348 492 1395 Themistoclem
508 1345 658 1409 impendisse,
678 1345 766 1409 grstim

91 1410 138 1459 mhi
147 1411 216 1458 ilium
226 1426 274 1460 esse
287 1411 442 1471 ioemmm,si
458 1426 481 1459 se
496 1408 607 1469 oblivisci,
621 1424 674 1472 qute
687 1408 763 1469 veliet,

91 1490 166 1538 quem
176 1474 196 1522 si
206 1476 345 1534 meminisse,
355 1476 475 1523 dostnset.
499 1474 609 1531 Videsne,
623 1488 676 1535 quse
691 1473 724 1521 vis
739 1472 764 1520 in

90 1538 398 1602 hommeeoerrimiingmii,
407 1554 479 1602 quem
487 1547 566 1601 potens
575 1545 598 1584 et
605 1545 692 1598 quante
697 1550 764 1585 mens

90 1602 181 1651 inerit?
198 1603 239 1677 qui
253 1602 286 1650 ito
299 1604 448 1665 responderit,
463 1611 491 1650 ut
500 1601 626 1664 intelligere
636 1616 762 1664 possemne,

89 1666 152 1713 nihil
162 1682 191 1713 ex
201 1666 264 1714 illius
273 1667 359 1725 annno,
371 1666 434 1729 quod
444 1666 515 1713 semel
525 1674 583 1713 esset
594 1664 706 1724 inimum,
718 1680 763 1712 un·

89 1730 391 1794 quemefflnerepotnimet
408 1745 462 1777 mm
477 1730 571 1793 quidem
586 1727 763 1793 eifiseritopte-

89 1794 171 1853 bilius,
182 1794 285 1842 oblivisci
297 1810 364 1857 posse
373 1794 458 1857 potius,
468 1793 532 1857 quod
541 1793 672 1841 memmisse
682 1794 762 1853 nollet,

88 1874 165 1922 quom
187 1858 250 1920 qnod
268 1859 339 1905 semel
356 1858 459 1905 audisset
477 1857 604 1916 vidissetve,
623 1856 761 1904 meminisse

90 1923 139 1971 Sed
149 1936 234 1984 neque,
245 1930 337 1985 psopter
341 1923 386 1969 hoo
391 1921 553 1969 Themistoclis
560 1934 702 1983 responsum,
713 1936 764 1968 me-

89 1986 173 2033 morie
184 1986 251 2032 nobis
263 2000 333 2049 opero
346 1986 423 2032 dnndn
435 1999 483 2032 non
499 1994 548 2041 ests
568 1999 642 2047 neque
656 1984 697 2031 ille
710 1998 763 2031 mes

89 2050 168 2099 mutio
178 2057 202 2097 et
211 2049 322 2096 timiditas
330 2050 355 2096 in
363 2049 445 2108 musis,
454 2058 546 2112 propter
553 2057 698 2111 prestantem
706 2062 763 2121 prn-

87 2114 193 2161 dentiem
205 2113 289 2171 Crassi,
300 2112 437 2176 negiigendn
446 2121 488 2160 est.
510 2114 615 2175 Uterque
630 2111 691 2157 enim
706 2118 762 2157 isto-

87 2193 152 2290 ἃ
154 2189 202 2225 non
212 2176 271 2223 mihi
280 2176 358 2224 stmlit
367 2176 479 2240 aliquam,
490 2176 530 2225 sed
544 2190 610 2223 suem
625 2172 761 2237 significavit

121 2306 219 2354 Etenim
227 2306 343 2368 permulto
349 2313 404 2352 sunt
413 2306 438 2351 in
446 2305 528 2363 oensis,
536 2304 561 2350 in
569 2301 632 2350 omni
640 2308 762 2364 pertense-

87 2370 160 2419 tionis
167 2369 376 2431 dsoumspieiends,
381 2384 411 2415 ne
417 2369 474 2432 quid
480 2368 588 2425 offendes,
595 2380 674 2427 nequo
680 2365 760 2411 irrues.

89 2432 363 2497 Sepeniiquistestisout
370 2448 418 2480 non
425 2432 497 2491 Μὴ,
504 2440 545 2479 sut
552 2430 629 2477 minus
637 2428 707 2488 hedit,
716 2428 762 2477 nisi

88 2500 226 2547 mom
240 2505 290 2545 oret
299 2511 360 2555 nmis,
371 2504 455 2559 urgent
462 2494 572 2553 sdvocsd,
581 2499 608 2539 nt
615 2492 760 2552 invehamur,

88 2572 117 2611 ut
126 2559 629 2629 mdedmmdeniqueutineemgenus
645 2554 760 2602 Nonmo·

86 2642 150 2688 tent,
168 2638 216 2674 non
232 2627 373 2688 ohtenpem,
389 2637 437 2671 non
447 2620 574 2679 sissimo,
592 2632 667 2682 neque
682 2627 760 2667 tmen
