1800 2892
184 110 234 161 nn
249 99 430 174 onirolts,
446 114 507 163 iim.
519 112 570 163 iii.
588 114 651 163 cii.
663 114 687 161 a
724 111 773 169 2⁹7

87 210 241 303 colliguntur
250 256 318 305 pasis
326 242 504 291 innumerabiles
514 244 650 318 voluptates,
663 258 716 306 qua
730 254 773 289 nos

95 303 130 351 ita
140 306 247 368 eupiunt,
258 315 286 353 ut
299 322 375 354 unuin
385 322 478 355 sensum
489 308 593 355 disnmili
605 323 686 371 genere
698 305 772 354 deleo·

83 376 161 424 seim
176 378 201 417 et
211 370 313 433 reliquos
320 386 398 419 sensus
406 372 533 434 voluptates
541 372 654 421 oblectant
662 371 770 433 disperse,

92 441 121 479 ut
130 433 164 480 sit
174 434 269 481 diffitile
276 436 391 495 judicium
399 437 529 483 exoelleutis
536 437 638 483 maxime
646 433 770 483 suavitatis.

93 503 97 507 '
123 498 163 545 As
173 498 220 545 hoc
230 498 302 557 idam,
313 500 376 562 quod
386 509 421 547 est
430 501 455 547 iii
465 501 553 547 naturis
560 516 645 558 reruni,
654 496 770 549 transferri

89 562 370 625 potestetiamadertes.
394 565 449 611 Uria
463 564 564 627 fingendi
578 573 668 621 essars,
683 560 769 624 inquii

87 634 230 688 praestantes
239 626 333 674 fuerunt
344 628 424 690 Myro,
433 629 573 691 Polycletus,
583 628 712 691 Lysippum
726 626 768 688 qui

85 704 173 737 omnes
183 690 247 737 inter
256 706 282 738 se
291 691 412 739 disdmiles
420 692 530 750 fuerunn
548 692 588 740 sed
597 692 630 739 ita
643 702 728 746 tamen,
741 696 768 736 ut

84 754 212 801 neminem
223 754 260 801 sui
268 756 323 803 velis
330 772 378 803 esse
384 756 526 805 dissimilet.
543 758 598 804 Una
609 764 642 803 est
653 771 688 802 ars
699 753 768 801 ratio-

82 833 134 880 que
146 817 262 880 picturre3
275 819 469 883 dissimillimique
479 828 556 868 tamen
566 821 626 867 inter
636 834 660 867 se
671 817 766 877 Zeuxis,

80 882 244 945 Aglaophon,
263 883 374 946 Apelles:
396 899 471 949 neque
488 900 567 933 eorum
583 884 706 948 quisquam
723 890 765 941 eet,

81 947 124 993 aui
137 946 272 1009 quidquam
282 948 307 994 in
317 957 366 997 arte
376 949 419 996 sui.
426 950 502 997 deesse
513 950 622 997 videatur.
638 948 680 1007 Ei,
692 947 712 995 si
721 946 765 993 hoo

79 1010 109 1057 in
125 1010 167 1057 his
183 1012 251 1073 quasi
264 1012 336 1060 mutis
350 1013 437 1060 artibus
451 1022 486 1061 est
499 1013 640 1073 mirmidum,
654 1020 765 1061 ettamen

14 1122 18 1128 ,
78 1090 172 1122 verum
181 1089 190 1130 ς
214 1085 302 1138 quanto
318 1076 475 1124 admirabilius
491 1077 516 1123 in
536 1078 636 1125 oratione
653 1085 722 1140 atque
739 1073 763 1121 in

76 1138 192 1201 lingua?
206 1154 260 1201 ‘lual
269 1155 324 1187 cum
334 1140 359 1186 in
369 1141 450 1188 iisdsrn
461 1142 576 1189 sententiis
586 1141 705 1203 verbisque
713 1154 763 1187 ver-
858 1154 860 1159 ·

74 1213 159 1260 retiis,
177 1218 283 1250 summas
297 1204 368 1251 habet
383 1205 594 1261 dissimilitudinem
616 1219 663 1252 ιιοιι
679 1204 719 1261 sic,
736 1211 763 1251 ut

74 1267 124 1314 alii
136 1266 287 1329 vituperandi
297 1277 351 1326 nt,
361 1268 402 1315 sed
412 1279 440 1316 ut
448 1270 474 1327 ii,
486 1285 544 1332 quos
554 1277 640 1317 oonstet
650 1283 697 1315 esse
711 1266 762 1313 lou-

73 1330 186 1389 dandos
200 1330 226 1377 in
240 1331 325 1394 dispari
339 1341 417 1380 tamen
432 1348 514 1395 genere
528 1332 657 1379 laudentur.
680 1330 762 1392 Atque

71 1395 103 1443 id
114 1394 228 1458 primum
238 1394 263 1441 in
273 1396 348 1458 poetis
358 1397 419 1444 oerni
431 1397 492 1456 licet,
508 1397 593 1460 quibus
608 1404 641 1443 est
670 1394 761 1441 mxima

70 1459 195 1522 cognatio
202 1474 257 1506 cum
264 1460 400 1519 oratoribus,
409 1476 481 1524 quem
488 1459 533 1509 siut
539 1461 652 1508 intersese
681 1458 759 1519 nnius,

70 1523 212 1581 Pacuvius,
223 1523 356 1586 Acciusque
365 1525 501 1583 dissimilem
516 1540 587 1589 quam
595 1523 658 1587 apud
666 1524 758 1571 Graeoos

68 1586 221 1649 AEschyliis,
227 1588 358 1651 Sophocles,
365 1589 497 1651 Euripides,
502 1604 644 1653 quamquem
650 1588 758 1637 omnibus

67 1668 121 1717 par
132 1662 205 1713 paene
213 1652 265 1700 laus
275 1652 300 1699 iu
307 1653 414 1701 dissimili
423 1654 536 1701 scribendi
545 1669 627 1716 genere
634 1653 755 1701 tribuatur.

104 1715 238 1777 Adspicite
248 1731 311 1764 nunc
321 1732 359 1764 eos
366 1717 471 1766 homines
481 1727 550 1781 atque
560 1717 690 1779 intumum,
698 1732 756 1781 quo„

65 1795 133 1829 rum
145 1779 177 1826 de
191 1779 300 1827 dculute
314 1782 447 1844 quaerimus,
460 1782 517 1845 quid
530 1782 619 1839 intersit
632 1783 691 1831 inter
705 1797 756 1833 ora·

64 1855 159 1895 tonim
173 1843 252 1891 studia
265 1853 336 1907 etque
351 1854 451 1893 natum.
477 1846 618 1897 suavitatem
635 1848 754 1907 Isocrates,

63 1908 235 1959 subtilitatem
259 1908 351 1971 Lysiris,
373 1924 471 1958 acumen
493 1910 631 1974 Hyperides,
654 1912 755 1959 sonitum

61 1972 212 2030 AEsehines‚
220 1972 442 2022 viuiDemosthsnes
447 1974 536 2023 habuit.
554 1976 699 2034 Quiseorum
707 1990 754 2023 non

61 2036 205 2102 egregius?
228 2045 306 2089 tamen
321 2038 374 2100 quis
389 2039 527 2101 cujusquam
542 2039 586 2087 nisi
602 2040 638 2087 sni
651 2040 752 2089 similis?

61 2099 225 2151 vaiutem
235 2101 369 2160 At'rieinus,
378 2102 496 2149 lenitatem
504 2102 599 2162 Laelius,
608 2104 753 2166 asperitatem

47 2207 50 2214 .
61 2166 165 2224 Galba,
176 2165 295 2227 profluens
305 2166 417 2229 quiddam
424 2166 509 2218 hebuit
517 2167 592 2215 Carbo
603 2176 626 2215 et
634 2182 751 2217 canorum.

60 2230 138 2291 Quia
152 2229 241 2275 horum
255 2244 303 2277 non
317 2230 423 2296 prinecps
436 2231 578 2293 temporibus
592 2232 637 2279 illis
648 2232 711 2281 fuit?
728 2242 751 2282 et

59 2310 114 2345 suo
126 2302 211 2340 tamen
222 2294 320 2357 quisque
330 2294 355 2341 in
365 2309 448 2358 genere
458 2294 569 2359 princeps.

68 2364 74 2373 “
98 2357 188 2406 VIII.
205 2357 251 2405 Sed
262 2358 320 2421 quid
330 2374 372 2421 ego
383 2367 459 2407 vetera
472 2360 614 2423 conquiram,
625 2376 678 2407 eum
691 2362 750 2413 mihi

55 2426 141 2473 liceat
159 2420 197 2467 uti
211 2424 361 2484 presentibus
376 2424 487 2486 exemplis
502 2433 571 2487 atque
585 2424 660 2473 vivis?
684 2426 750 2485 Quid

51 2485 202 2551 jucundius
212 2486 307 2533 iuribus
316 2487 399 2535 nostris
408 2502 514 2550 unquam
525 2487 606 2535 uendit
615 2490 685 2549 hujus
698 2507 749 2541 ore.

41 2554 134 2603 ‚sione
154 2549 255 2597 Casili?
279 2566 332 2614 qua
349 2558 385 2599 est
401 2566 462 2613 pure
480 2551 520 2611 sic,
539 2561 567 2599 ut
584 2552 667 2599 Lause
683 2554 748 2620 loqui

50 2629 137 2682 piene
147 2612 214 2663 solus
224 2613 337 2675 videam,
348 2615 380 2663 sie
390 2623 468 2663 sutem
478 2614 562 2677 gravis,
571 2616 630 2665 utin
638 2616 749 2681 singulari
