1800 2892
136 78 320 130 nonnanis
330 77 568 141 onnvonnsus
579 79 690 142 omos,
718 83 767 130 na

90 208 299 270 officiumdeeeaet
310 207 766 274 etflagrmetsmdiodioenmupauooe

90 274 123 324 ad
141 290 197 324 eum
213 289 287 322 oausae
305 273 473 322 deferebantvu·
499 271 586 322 Orator
602 283 689 334 autem,
707 274 765 322 vivia

90 339 143 400 ejus
150 339 285 402 aequalibus,
292 338 412 401 proximus
418 336 511 400 optimis
516 339 689 399 numerabatur,
696 355 766 402 prop·

90 411 127 450 ter
138 406 260 452 verborum
271 402 405 460 bonitatem,
417 411 444 449 ut
457 410 511 448 ante
525 402 584 458 dixi,
597 410 620 449 et
634 403 765 466 expeditam

90 465 608 530 acprofluentemquodammodooeleritatem.
624 466 707 530 Itaque
715 469 766 528 ejus

90 531 206 580 orationes
216 531 371 594 adspiciendas
381 539 460 578 tamen
470 546 555 578 osum
579 531 640 578 Sunt
653 531 700 578 illae
712 531 765 594 qui.

91 595 147 644 dem
166 595 334 658 languidiores:
356 603 516 642 verumtamen
531 603 627 657 possunt
642 611 725 657 augere
741 604 765 643 et

91 660 160 723 quasi
170 661 230 708 alere
240 659 264 707 id
274 661 371 718 bonum,
382 659 445 721 quod
455 659 480 706 iu
491 659 531 707 illo
541 659 684 706 mediocriter
693 659 764 708 favisse

91 724 251 780 oonoedimua3
266 723 328 786 quod
337 723 407 770 habat
417 731 506 770 tautam
516 723 573 780 vim,
584 731 612 770 ut
622 723 705 780 solum,
714 725 763 771 sine

90 788 153 846 aliia,
168 789 193 835 in
209 787 308 836 Curione
323 787 421 850 speeiem
435 787 529 836 oratoria
544 787 641 848 alicujus
657 787 761 836 affecerit.

91 852 139 902 Sed
150 853 180 899 ad
190 852 295 900 instimta
304 851 430 900 redeamus

125 916 210 964 LXII.
224 918 254 964 In
264 915 345 964 eodem
355 915 426 978 igitur
436 931 532 963 numero
543 915 725 976 ejusdemaetatis
732 917 760 964 0.

90 980 169 1030 Carbo
179 981 233 1040 fuit,
243 981 306 1028 illius
317 980 496 1044 eloquentissimi
506 980 549 1027 viri
562 981 633 1040 lilius,
646 995 693 1027 non
708 981 762 1028 satis

89 1055 173 1093 acutus
183 1053 271 1100 oratore
285 1045 324 1092 aad
331 1053 409 1092 tamen
417 1055 493 1092 orator
503 1053 636 1092 numeratus
646 1054 687 1093 eat.
703 1045 763 1092 Erat

89 1109 117 1156 in
127 1109 202 1158 verbis
212 1110 326 1172 gravium
342 1116 365 1156 et
375 1109 440 1156 laoile
451 1109 555 1166 dicebat3
571 1118 594 1158 et
604 1109 763 1157 auctoritatem

88 1173 220 1222 naturalem
231 1173 356 1236 quamdam
366 1173 466 1220 habebat
472 1173 552 1220 oratio.
568 1173 667 1221 Acutior
673 1173 704 1232 Q.
712 1173 767 1221 Va·-

87 1239 139 1286 rius
149 1239 218 1286 rebus
227 1237 376 1297 inveniendis,
388 1253 429 1286 nec
444 1237 522 1284 rninus
537 1237 611 1285 verbis
625 1237 760 1300 expedimur

85 1303 155 1350 fortia
171 1319 224 1351 vero
239 1310 310 1362 attor,
327 1311 350 1350 et
366 1302 497 1361 vehemens,
513 1310 536 1348 et
551 1301 625 1349 verbis
639 1316 681 1348 noo
694 1301 761 1364 inops

86 1382 132 1414 neo
142 1369 253 1428 abJeotus,
265 1375 287 1414 et
298 1382 368 1429 quem
379 1367 447 1429 plane
457 1374 570 1413 oratorem
577 1365 651 1413 dioere
659 1364 762 1414 auderes.

86 1432 134 1480 Gn.
143 1431 287 1494 Pomponius
300 1431 410 1478 lateribus
424 1435 539 1493 pugnans,
554 1430 652 1478 incitans
662 1428 760 1490 animoa,

85 1511 148 1553 aoer,
160 1498 263 1552 acerbus,
274 1495 415 1542 criminosus.

120 1561 229 1608 Multum
239 1559 307 1607 abiis
318 1561 396 1608 aberat
407 1559 436 1606 Is.
448 1557 546 1614 Fufiua3
562 1566 640 1606 tamen
655 1573 685 1605 ex
695 1573 761 1605 aoru-

86 1625 176 1672 satione
186 1624 224 1672 Μ.
231 1623 333 1686 Aquillii
341 1623 465 1685 diligentiae
472 1623 574 1670 frustm
582 1630 678 1685 ceperat
696 1623 761 1669 Nam

87 1686 128 1737 Μ.
144 1688 259 1748 Drusum
278 1696 346 1752 tuum
365 1703 478 1750 magnum
493 1687 647 1746 ammodum,
665 1701 761 1749 gravem

86 1761 211 1810 oratorem,
230 1753 262 1802 ita
278 1751 392 1801 duntaxat
410 1766 464 1798 cum
480 1751 509 1798 de
525 1751 642 1814 republioi
657 1751 758 1807 dioeret3

86 1817 119 1865 Is.
126 1825 206 1864 autem
212 1816 529 1871 Lucullumetiamaoutum3
540 1825 676 1878 patremque
681 1824 759 1872 tuum,

86 1883 172 1942 Brute,
181 1881 240 1942 juria
250 1896 351 1944 quoque,
365 1888 388 1927 et
398 1880 494 1942 publici,
509 1888 532 1928 et
542 1880 625 1943 privati
635 1895 690 1927 sane
699 1879 760 1942 peri-

86 1953 158 2002 tum;
183 1945 220 1992 M.
238 1945 375 2004 Lucullum,
394 1943 430 1990 M.
443 1943 578 2005 Octavium,
597 1943 641 1991 Cu.
660 1943 689 1990 F.
707 1943 760 2005 (qui

85 2019 180 2058 tanturm
191 2010 323 2058 auctoritate
334 2009 475 2072 dioandoque
485 2009 566 2068 valuit,
574 2017 601 2055 ut
609 2009 685 2070 legem
693 2008 760 2055 Sem·

84 2075 194 2139 proniam
211 2073 386 2122 frumentariam
403 2073 486 2136 populi
502 2072 629 2136 frequentia
644 2071 760 2133 suffragiis

85 2139 251 2202 abrogaverit),
271 2138 315 2185 Cn.
329 2137 463 2197 Octavium,
483 2137 521 2184 M.
537 2137 575 2197 F,
592 2136 630 2183 M.
646 2135 759 2183 Catonem

84 2212 187 2267 patrem
205 2202 237 2261 Q.
253 2203 322 2250 etiam
340 2201 451 2250 Catulum
468 2201 553 2260 filium,
571 2200 712 2248 abduoamua
729 2215 759 2246 ex

85 2267 144 2327 anie,
161 2268 187 2315 id
202 2275 243 2324 est,
260 2283 275 2313 a
288 2267 396 2328 judicum
416 2274 439 2314 et
453 2266 479 2312 in
494 2264 760 2329 praesidiisrreipubliw,

85 2332 126 2380 aui
135 2332 203 2380 facile
214 2331 340 2380 sadsfaoere
350 2330 445 2394 possint,
455 2331 598 2378 oollooemus.
654 2375 657 2380 .

120 2396 213 2445 Eodem
223 2395 254 2454 Q.
264 2395 397 2458 Caepionem
405 2395 521 2454 referrem,
532 2395 585 2453 niai,
596 2393 667 2441 nimis
677 2408 759 2456 aquas·

87 2464 119 2512 tri
135 2458 591 2520 ordiuidedimaasenatudiaaediaet
614 2458 762 2506 GnGarbo·

86 2541 152 2584 amu,
165 2522 202 2574 M.
215 2524 335 2584 Marium„
346 2533 368 2572 et
383 2539 412 2572 ex
427 2523 510 2572 eodem
522 2538 606 2586 genere
618 2520 764 2585 oomplurea,

86 2591 186 2642 minime
200 2589 281 2652 dgnus
291 2588 406 2652 elegantia
421 2590 545 2638 conventis
555 2586 659 2647 auribus,
670 2583 764 2648 aptiori.

485 2651 565 2705 2u3,
