1800 2892
141 61 704 166 nncnnnisonnronmuscms.
719 104 782 160 ars.
822 68 824 72 ’

100 243 162 284 stant
179 237 301 284 amborum
318 235 437 283 orationes.
465 235 571 298 Simplex
588 234 683 298 quidem
700 232 730 280 Ia.
748 242 772 280 et

101 299 225 362 antiquus:
238 301 278 364 Sp.
290 310 368 348 autem
379 300 452 347 nihilo
462 300 502 347 ille
525 299 605 346 uidem
612 298 719 356 omation
731 298 772 344 sed

102 371 181 411 tamen
199 364 340 412 adstrictior:
360 363 405 411 fuit
424 363 486 410 enim
505 317 585 411 <isonis
603 378 632 409 ex
651 361 773 424 disciplinis

104 427 241 475 Stoicorum.
265 429 351 475 Mults
361 437 415 475 sunt
425 429 466 491 Sp.
477 428 562 475 Albini
571 426 691 473 orationes.
711 428 775 474 Sunt

104 491 174 539 etiam
185 493 215 539 L.
227 501 250 540 et
263 492 453 540 onustorum
465 491 611 550 Orestarum,
625 505 683 553 quos
693 490 775 553 aliquo

104 555 171 604 video
181 557 207 603 in
216 571 313 604 numero
323 564 439 604 oratorum
449 556 527 604 firisse.

138 620 167 668 P.
179 620 248 668 etiam
264 621 378 684 Popillius
393 617 450 667 cum¹
463 620 518 667 civis
532 619 645 682 egregius,
657 625 709 665 tum
724 633 771 665 non

104 683 228 732 indisertus
237 685 289 732 fuit.
311 685 339 732 C.
351 699 411 742 vero,
423 684 485 732 filius
496 685 554 744 ejus,
564 683 669 730 disertus.
690 682 774 729 Caius-

104 764 152 810 que
167 749 299 796 'lbrditanus
314 763 368 796 cum
382 749 446 796 omni
457 749 505 795 viti
515 757 585 811 atque
594 747 657 794 victu
667 747 773 794 excultus

104 821 175 875 atque
186 813 307 876 expolitus,
318 822 370 859 tum
381 813 430 872 ejus
441 813 532 874 elegans
542 820 576 859 est
585 811 692 858 habitum
702 810 772 857 etiam

104 876 213 951 oratipnis
223 892 302 940 genus.
327 877 463 940 Eodemque
473 877 497 922 in
508 884 633 938 genereest
643 874 735 922 habitus
741 875 772 948 is,

105 1069 145 1116 At
158 1084 211 1116 vero
227 1069 264 1116 M.
276 1069 386 1116 AEmilius
396 1068 508 1131 Lepidus,
521 1069 563 1132 qui
573 1077 607 1116 est
617 1067 715 1114 Porcina
724 1067 775 1115 dic·

105 1141 155 1192 tus,
165 1133 247 1180 iisdem
258 1133 397 1196 temporibus
405 1133 461 1191 fere,
470 1133 554 1196 quibua
563 1133 647 1189 Galba,
656 1132 695 1179 sed
702 1132 773 1194 paulo

106 1197 184 1244 minor
198 1205 263 1257 natu,
279 1205 301 1245 et
315 1213 419 1244 summus
433 1205 508 1244 orator
518 1205 552 1244 est
561 1196 663 1253 babitus,
679 1203 702 1242 et
717 1195 772 1254 fuit,

105 1269 134 1308 ut
141 1270 235 1324 apparet
246 1262 432 1319 exorationibus,
444 1261 539 1324 scriptor
548 1274 603 1307 sane
612 1261 695 1307 bonus.
720 1259 775 1306 Hoc

104 1325 130 1373 in
141 1334 229 1373 oratore
239 1325 324 1372 Latino
332 1326 434 1389 primum
444 1325 503 1372 mibi
511 1324 601 1372 videtur
608 1331 631 1370 et
640 1323 722 1370 lenitas
732 1338 775 1386 ap-

103 1386 773 1511 wultlttttclt‘blmfflltltil

102 1518 151 1568 duo
167 1517 318 1566 adolescemus
335 1517 519 1580 ingeniosissimi,
538 1526 561 1564 et
577 1531 649 1580 prope
665 1515 772 1577 equales,

103 1582 132 1630 C.
148 1581 225 1630 Carbo
242 1591 265 1630 et
281 1582 321 1629 Ti.
337 1582 463 1641 Gracchus,
481 1581 560 1628 audire
578 1580 639 1628 soliti
657 1588 726 1634 sunt3
743 1579 775 1626 de

102 1647 190 1712 quibus
205 1648 255 1708 jam
272 1646 362 1694 dicendi
378 1647 442 1693 locus
459 1645 510 1704 erit,
530 1660 584 1693 cum
601 1645 630 1692 de
647 1643 774 1692 certioribus

101 1726 178 1775 pauca
197 1711 282 1760 dixero.
307 1710 339 1768 Q.
355 1711 417 1758 enirn
434 1710 560 1773 Pompeius
578 1724 625 1756 uon
644 1716 773 1756 contemtus

101 1783 188 1835 orator,
205 1775 347 1838 temporibus
361 1774 415 1832 illis,
431 1774 485 1833 fuit,
502 1774 543 1838 qui
553 1787 656 1821 mmmos
666 1772 773 1830 honores,

101 1840 174 1888 homo
184 1855 226 1902 per
236 1855 260 1887 se
271 1839 384 1902 cognitus,
395 1839 444 1886 sine
454 1839 505 1886 ulls
514 1837 713 1886 commendatione
722 1852 776 1883 rna·

99 1905 190 1966 j0rum‚
202 1904 348 1967 estedeptus.
675 1946 677 1949 .

134 1968 203 2015 Turn
214 1968 244 2014 L.
253 1968 348 2016 Crassus
358 1969 461 2016 multum
471 1967 556 2031 potuit,
571 1980 617 2014 non
632 1966 773 2029 eloquentib,

102 2033 145 2082 sed
155 2032 252 2080 dicendo
262 2040 355 2089 tamen,
372 2033 450 2091 homo,
468 2047 515 2079 non
527 2031 671 2089 liberalitate,
685 2038 714 2076 ut
724 2029 773 2088 alii,

102 2097 146 2146 sed
156 2097 207 2160 ipsi
217 2096 309 2144 tristitii
323 2104 347 2144 et
360 2097 478 2144 severitate
491 2096 623 2159 popularis3
640 2095 707 2154 cujus
721 2093 775 2157 qui·

102 2163 159 2210 dem
170 2161 216 2224 legi
227 2161 350 2208 tabellariae
365 2161 402 2208 Μ.
416 2161 505 2208 Antius
515 2161 592 2218 Briso,
607 2158 714 2206 tribunus
724 2157 774 2220 ple-

103 2227 150 2286 bis,
160 2225 200 2272 diu
206 2225 296 2284 restitit,
306 2223 343 2271 M.
352 2225 443 2288 Lepido
453 2224 546 2273 consule
553 2224 692 2284 adjuvante}
702 2237 774 2284 eaque

102 2305 142 2339 res
152 2290 181 2336 P.
189 2289 302 2336 Africano
316 2289 478 2352 vituperationi
490 2289 544 2346 fuit,
560 2287 623 2352 quod
637 2287 686 2347 ejus
696 2294 775 2333 aucto·

102 2355 172 2402 ritate
187 2353 216 2400 de
229 2353 342 2402 sententib
356 2353 467 2402 deductus
477 2353 546 2400 Briso
555 2354 687 2415 putabatur.
708 2349 774 2396 Tum

102 2419 153 2466 duo
170 2417 289 2481 Gaepiones
306 2419 409 2466 multum
425 2419 519 2466 clientes
534 2416 667 2464 oonsilio-et
683 2414 774 2477 tingat,

102 2483 160 2596 plus
174 2482 307 2530 auctoritate
321 2491 399 2530 tamen
411 2490 434 2529 et
444 2481 527 2545 gratii,
543 2479 701 2528 sublevabant.
728 2478 775 2526 Sed

125 2547 213 2610 ompeii
226 2555 282 2594 sunt
294 2547 377 2610 scripta
392 2561 435 2594 nec
448 2545 518 2592 nimis
533 2552 664 2599 extenuata,
680 2545 777 2606 (quam,

103 2627 180 2676 quam
190 2619 293 2660 veterum
304 2619 338 2660 est
349 2611 440 2670 similis)
453 2609 555 2674 etplena
565 2607 702 2672 prudentie.
721 2650 725 2654 .
